3106 5250
526 464 673 533 Remigii
694 465 873 532 expositio.
1201 466 1264 531 349

134 660 280 733 sapientia
303 658 402 716 defluit
425 657 499 716 siout
523 659 587 731 ipsa
609 657 680 716 uicit
701 673 752 730 per
768 658 962 716 Salamonem:
985 656 1047 729 Ego
1066 673 1101 715 ex
1116 673 1163 715 ore
1180 656 1264 715 alt-is·

134 762 201 821 simi
229 762 332 835 prodii.
368 763 412 820 Ex
441 763 525 834 sputo
553 777 621 833 ergo
644 763 674 819 et
696 768 776 819 terra
805 760 937 818 dominns
965 759 1058 817 lntum
1085 759 1167 833 fecit,
1196 762 1265 831 quia

134 866 273 923 diuinitas
303 866 443 923 humanae
471 872 592 923 naturae
622 864 733 922 sociata
755 866 809 924 est.
844 863 1031 937 Allegoriaat.
1068 863 1123 920 Per
1146 866 1263 936 sputum

136 968 318 1041 intellegitur
342 966 492 1037 diuinitas,
516 984 567 1040 per
590 970 697 1025 terram
713 967 888 1037 humanitas,
910 982 983 1038 quae
999 965 1085 1024 simul
1102 968 1132 1023 in
1148 964 1263 1023 Christo

111 1072 306 1131 aconiunctae
344 1088 433 1130 causa
470 1073 586 1130 nostrae
624 1070 728 1129 salutis
766 1071 938 1129 extiterunt.
997 1071 1135 1127 hhluta
1178 1084 1265 1126 causa
1275 1092 1293 1120 v.
1307 1080 1410 1124 seo-soa

134 1176 218 1234 metri
241 1174 389 1246 corripuit.
427 1172 614 1232 Bethania
637 1173 787 1231 ciuitatula
811 1175 840 1231 in
862 1174 958 1232 radice
974 1173 1078 1231 montis
1094 1172 1192 1232 ollaeti
1208 1187 1263 1231 non

133 1277 217 1349 longe
242 1280 277 1336 ah
301 1276 483 1336 Hierusalem
506 1277 629 1355 distans,
653 1278 757 1334 stadiis
780 1276 859 1350 ·XV·,
883 1280 912 1335 et
936 1277 1143 1349 interpretatur
1165 1277 1264 1334 domus

133 1379 339 1441 oboedientiae.
383 1380 543 1437 Lazarus
580 1379 790 1453 interpretatur
826 1379 952 1439 adiutus.
997 1379 1202 1453 Populatio
1235 1378 1262 1446 ·i,

133 1483 288 1541 multitudo
303 1482 403 1555 populi
418 1486 448 1539 et
463 1486 508 1540 est
522 1484 642 1540 uerbum
661 1481 828 1540 affectatum
844 1485 872 1540 et
886 1499 960 1541 noue
971 1483 1131 1542 inuentum.
1155 1484 1265 1542 Secun-

99 1587 201 1645 1odum
224 1586 368 1644 hominem
390 1586 478 1643 flebat
500 1586 579 1657 deus,
604 1586 672 1659 quia
693 1586 834 1644 diuinitas
857 1586 1037 1658 inpassibilis
1058 1602 1114 1644 non
1130 1585 1265 1645 subiacet

133 1689 270 1763 passioni.
301 1688 398 1746 Post
414 1687 546 1746 funera
561 1688 588 1746 ·i·
604 1691 669 1760 poet
684 1690 814 1747 mortem.
838 1688 936 1748 Punus
952 1691 997 1746 est
1011 1690 1126 1762 proprie
1141 1689 1264 1747 cadauer

133 1793 238 1852 mortui
261 1790 386 1851 hominis
417 1791 527 1848 dictum
549 1808 567 1848 a
587 1790 705 1851 funibus
729 1792 756 1849 ·i·
780 1790 918 1850 candelis.
963 1792 1119 1851 Lethale
1149 1792 1263 1849 chaos

133 1897 161 1954 .i·
177 1895 307 1953 mortalis
323 1894 462 1954 conlusio.
486 1892 556 1951 hex
571 1894 676 1967 perit.
699 1894 759 1952 Lex
775 1894 875 1953 mortis
891 1899 946 1969 est,
963 1899 995 1953 ut
1011 1896 1098 1954 semel
1115 1897 1263 1968 acceptum

134 2000 260 2057 retineat
282 2000 312 2055 et
334 2014 480 2070 nunquam
508 1996 621 2059 r·eddat.
668 1995 813 2056 Caduca
841 1998 1002 2056 culmina
1023 2000 1050 2056 ·i·
1079 1997 1264 2057 transitorios

98 2123 124 2162 rs
134 2102 265 2160 honores.
305 2099 479 2159 Phalaris
495 2101 522 2157 ·i·
538 2100 636 2159 bullis.
667 2100 809 2159 Phalerao
824 2102 961 2161 dicuntur
976 2100 1153 2175 generaliter
1168 2099 1264 2157 omnia

134 2206 303 2263 ornamenta
325 2220 471 2277 equorum,
496 2219 600 2276 graece
615 2203 752 2276 ephippia
767 2205 909 2265 dicuntur.
955 2204 1067 2264 Ostro
1083 2203 1110 2261 ·i·
1125 2218 1262 2277 purpura.

134 2305 251 2365 Ostrum
274 2306 379 2365 dicitur
402 2324 530 2379 purpura
552 2307 588 2365 ab
611 2307 715 2365 ostreis
739 2308 766 2365 ·i·
789 2308 949 2381 pisciculis,
975 2325 1095 2381 quorum
1119 2306 1263 2379 sanguine

132 2408 285 2481 tinguitur.
331 2411 469 2467 Aurum
492 2410 518 2466 ·i·
542 2409 655 2467 frenum
683 2427 810 2485 aureum,
840 2411 977 2470 indicium
1006 2410 1094 2483 opimi
1122 2410 1187 2483 equi
1216 2410 1264 2468 est

133 2511 374 2584 sanguinolentas
397 2514 433 2570 ab
456 2528 505 2571 ore
527 2529 642 2586 spumas
667 2514 769 2572 eicere.
814 2513 936 2573 Honos
967 2531 1018 2587 pro
1041 2513 1142 2573 honor.
1180 2512 1264 2571 Non

98 2614 206 2674 soluit
228 2615 341 2688 impar
364 2633 395 2674 s·
420 2614 548 2688 aequalis
573 2615 724 2689 dignitatis
751 2616 808 2675 fuit
831 2618 887 2677 iste
910 2619 1020 2689 asinus,
1046 2617 1126 2675 onius
1150 2620 1178 2675 et
1203 2615 1281 2686 ille,.

133 2716 182 2791 qui
205 2718 324 2789 agnouit
346 2717 491 2776 Christum
516 2718 547 2776 in
571 2720 711 2791 praesepi.
750 2720 791 2777 ln
814 2720 938 2779 solido
953 2720 980 2777 ·i·
995 2720 1077 2778 duro.
1100 2719 1264 2792 Alloquitur

132 2821 264 2894 gentiles.

498 3053 559 3137 IN
595 3054 818 3136 LIBRVM
854 3054 894 3135 V.

178 3264 360 3336 Coeperat
383 3263 410 3319 ·i·
434 3263 591 3321 aduenerat
621 3262 693 3332 dies,
725 3264 756 3322 in
785 3281 840 3337 qua
869 3264 950 3322 Iudei
982 3264 1090 3336 pascha
1119 3263 1292 3327 celebrares.
1318 3306 1345 3317 -

97 3368 286 3427 aodebebant.
324 3367 436 3425 Pascha
458 3366 565 3426 dicitur
587 3384 603 3424 a
626 3367 761 3437 transitu,
793 3385 850 3426 non
874 3385 891 3425 a
913 3369 1048 3441 passione
1081 3371 1113 3427 ut
1147 3367 1262 3441 quidam

134 3470 244 3532 dicunt.
275 3471 339 3528 Ista
361 3470 437 3528 enim
460 3470 505 3528 die
528 3470 710 3528 transierunt
732 3470 784 3527 filii
807 3470 900 3528 Israel
923 3487 957 3529 er
979 3474 1121 3545 Aegypto.
1152 3471 1263 3529 Pascha

134 3578 228 3633 autem
262 3582 324 3631 erat
355 3575 430 3645 apud
458 3573 563 3631 Iudeos
592 3589 697 3646 agnus,
727 3572 776 3645 qui
804 3572 1008 3632 immolabatur
1039 3574 1075 3631 ad
1102 3591 1262 3647 uesperum.

134 3676 261 3735 Gloria
283 3678 310 3734 ·i·
334 3677 468 3734 maiestas
485 3674 602 3737 Christi.
637 3676 765 3734 Pulchra
788 3676 895 3735 locutio
919 3679 972 3746 est,
997 3680 1108 3749 quando
1131 3694 1182 3750 pro
1197 3695 1261 3750 per·

135 3797 208 3838 sona
230 3797 281 3852 per
305 3778 589 3838 circumlocutionem
612 3778 774 3838 declaratur
792 3780 930 3852 qualitas,
954 3783 987 3838 ut
1004 3780 1145 3853 thilius
1170 3776 1262 3840 ‘robur

98 3878 327 3946 eoTroianorum'
359 3884 385 3940 ·i·
417 3884 532 3952 Hector,
571 3883 614 3941 ita
648 3882 755 3942 dicitur
790 3884 883 3957 gloria
916 3884 1024 3944 domini
1058 3885 1084 3942 ·i·
1119 3885 1260 3944 Christus.

135 3985 351 4044 Clariiicem
374 4003 406 4043 ·s·
428 3986 457 4043 in
491 3986 709 4047 resurrectione.
755 3986 959 4047 Consonam
981 3989 1008 4047 ·i·
1031 4003 1161 4063 consors3
1196 3987 1263 4060 quia

238 4186 250 4237 l
275 4184 343 4238 Hcol.
361 4184 439 4253 24,5
540 4184 574 4237 29
593 4184 627 4237 ol.
646 4185 827 4240 nen.11281

184 4374 339 4456 tiranioula
355 4376 383 4427 A
486 4375 520 4427 23
538 4374 576 4429 lin
596 4374 657 4430 ·III·
676 4376 719 4440 (in
735 4393 819 4447 scorp.
838 4394 871 4433 m.
889 4383 917 4443 2)
936 4382 963 4431 A
