3106 5250
293 490 357 557 3³8
765 486 951 556 Appendix.

296 682 404 755 legitur
429 679 477 740 ‘ita
501 681 575 739 oculi
598 682 691 739 nostri
715 682 752 739 ad
774 682 921 741 dominum
944 681 1027 737 deum
1044 683 1184 749 nostrum,
1202 679 1292 735 donec
1308 676 1442 735 misere·

148 818 171 847 v.
186 788 362 849 enascatur
393 780 495 845 nostri'
521 786 547 842 ·i·
571 802 691 857 semper.
737 786 887 844 Breuem
918 784 945 841 i·
980 784 1139 845 minimum.
1183 781 1303 840 Arnon,
1354 780 1442 839 Haec

294 889 439 964 particula
473 888 588 962 signum
622 890 652 945 et
680 890 821 961 quoddam
850 887 978 961 sigillum
1007 889 1052 945 est
1081 886 1240 945 dominicae
1272 884 1440 963 orationis,

294 1008 349 1067 quo
373 992 577 1050 confirmantur
599 992 704 1061 omnia,
727 1010 799 1065 quae
823 1008 912 1065 supra
934 992 1012 1049 dicta
1034 993 1114 1050 sunt.
1159 988 1292 1047 Malum
1324 989 1355 1045 ·i·
1375 987 1442 1047 dia-

295 1096 401 1154 bolum.
447 1094 584 1153 Bonum
606 1097 630 1153 ·i·
657 1095 811 1165 Christum,
841 1095 923 1153 deum
957 1094 1068 1153 edimus
1092 1111 1152 1152 non
1174 1110 1276 1166 gressu
1300 1092 1481 1166 corporiss

295 1199 347 1257 sed
370 1198 530 1257 intentione
552 1198 668 1270 mentis,
692 1200 744 1256 deo
768 1199 844 1256 cuim
866 1215 922 1257 non
939 1198 1000 1256 loco
1016 1198 1066 1256 sed
1082 1198 1178 1255 mente
1194 1196 1443 1269 approximamus

295 1302 347 1360 aut
361 1301 539 1374 elongamus.
584 1300 696 1358 Ducit
713 1301 739 1357 ·i·
756 1301 868 1373 dirigit
903 1302 1012 1361 Versus
1036 1304 1065 1359 et
1080 1299 1295 1357 hemistichium
1311 1298 1444 1371 Virgilii

296 1406 340 1463 ost
362 1404 389 1461 ·i·
411 1422 486 1463 unus
508 1408 538 1464 et
553 1403 687 1463 dimidius
704 1421 813 1463 uersus.
852 1404 898 1461 Et
920 1404 1012 1462 bona
1027 1404 1205 1474 libertas,
1222 1402 1291 1474 quia
1306 1404 1444 1475 possunt

296 1508 418 1567 euadere
452 1507 478 1565 -i-
514 1508 647 1581 effugere.
692 1506 760 1565 Per·
794 1523 933 1579 pascua
967 1508 993 1565 .i-
1017 1524 1069 1580 per
1097 1506 1260 1565 mansiones
1292 1504 1443 1565 caelestis

297 1608 488 1681 Hierusalem,
522 1627 629 1682 pascua
651 1614 696 1670 ost
719 1610 839 1669 dulcedo
863 1611 978 1669 diuinae
1000 1609 1129 1669 uisionis.
1177 1656 1181 1663 .
1454 1632 1481 1671 ro

653 1947 712 2030 IN
750 1946 974 2031 ltlssltvot
1008 1946 1072 2027 ΠΙ.

193 2170 211 2197 v.
228 2160 290 2198 r---ar
342 2138 534 2198 Thalamis
557 2157 609 2213 pro
632 2140 758 2213 nuptiis:
789 2141 918 2201 thelame
941 2156 1043 2213 gracco
1068 2140 1213 2211 uoluptas
1245 2140 1311 2198 inde
1334 2141 1441 2200 thala-

298 2260 361 2302 mus
385 2244 498 2314 dicitur‚
522 2245 572 2304 ubi
595 2244 729 2319 uoluptas
751 2246 908 2318 perficitur.
950 2247 989 2303 In
1017 2244 1149 2319 ydriis.
1184 2244 1278 2302 Lacus
1300 2245 1442 2317 appellat

299 2346 415 2421 hydrias
431 2349 460 2405 et
476 2348 611 2406 dicuntur
626 2366 643 2405 a
659 2348 783 2417 latendo,
807 2349 875 2421 quia
894 2348 935 2407 ibi
957 2347 1088 2406 latebant
1102 2363 1210 2421 aquae;
1232 2347 1303 2420 ydor
1330 2364 1442 2420 graeco

299 2468 391 2524 aque,
435 2452 500 2509 iude
544 2451 643 2527 ydriae
684 2450 817 2510 dicuutur
862 2468 931 2510 uasa
976 2450 1101 2524 receptui
1145 2466 1282 2522 aquarum
1319 2454 1477 2521 paratae

300 2553 441 2612 Garrdia
457 2554 484 2611 .i·
499 2554 635 2624 fantasia,
653 2555 820 2626 imaginatio
837 2553 976 2626 quaedam
991 2556 1093 2625 poetae
1109 2555 1162 2625 est,
1180 2553 1313 2624 quoniam
1329 2554 1439 2612 inscu-

300 2655 380 2714 sibili
402 2656 443 2714 rei
466 2657 516 2713 dat
531 2672 646 2719 sensum
664 2658 689 2714 i·
706 2660 738 2713 ut
755 2657 917 2715 desinerent
944 2674 1006 2714 csse
1028 2657 1102 2729 quod
1120 2656 1203 2731 [uon]
1222 2656 1313 2727 eraut,
1339 2658 1372 2713 ct
1389 2656 1439 2715 in·

300 2758 432 2831 ciperent
448 2762 600 2831 essequod
616 2775 673 2817 uon
690 2765 781 2820 erant.
826 2760 980 2819 Inoccid
991 2778 1055 2817 uas
1078 2777 1166 2817 uuas
1190 2758 1216 2816 ·i·
1234 2757 1438 2820 indeficientes

300 2859 409 2931 fideles,
426 2877 572 2933 nunquam
585 2863 739 2934 perituros
767 2863 922 2935 Pampinus
938 2865 984 2921 est
999 2863 1098 2921 folium
1114 2862 1194 2933 uitis,
1212 2862 1286 2934 quod
1302 2878 1320 2918 a
1336 2862 1438 2922 calore

301 2961 370 3021 solis
385 2964 415 3021 ot
429 2962 535 3022 iniuria
548 2964 682 3022 imbrium
698 2966 826 3037 protegit
839 2982 974 3024 racemos.
999 2966 1046 3022 Ita
1063 2964 1160 3022 diuina
1175 2964 1313 3037 protectio
1328 2964 1436 3025 fideles
1448 2987 1475 3027 ao

301 3068 417 3125 sanotae
434 3065 581 3144 ecclesiae,
598 3083 633 3125 ne
649 3068 791 3140 deficiant,
809 3062 880 3149 (ab)
892 3068 1113 3127 aduersantibus
1128 3069 1212 3126 huius
1229 3066 1320 3126 seculi
1333 3074 1436 3142 prote-

301 3168 346 3243 git
361 3171 390 3228 et
406 3169 508 3228 munit.
532 3170 618 3229 Post
634 3170 660 3228 ·i·
676 3173 785 3244 postea,
809 3172 960 3245 postquam
979 3169 1009 3227 in
1032 3171 1129 3229 uinum
1152 3173 1294 3231 conuertit
1316 3189 1436 3245 aquam.

303 3273 442 3332 Febris.
480 3272 582 3332 Febris
606 3273 711 3333 dicitur
735 3292 752 3332 a
774 3274 921 3347 serrendo,
945 3276 974 3332 et
996 3273 1065 3331 licet
1088 3273 1216 3333 acalore
1233 3276 1343 3333 dicatur
1358 3292 1437 3335 non-

302 3393 446 3448 nunquam
481 3375 589 3449 frigida
616 3380 669 3451 est,
700 3379 729 3436 et
758 3376 787 3433 in
817 3377 916 3435 diuina
948 3376 1090 3448 scriptura
1119 3394 1216 3436 omnes
1245 3377 1436 3438 infirmitates

303 3478 392 3537 febris
416 3478 551 3536 dicuntur
573 3478 695 3537 nomine.
727 3480 909 3549 Quantum
932 3479 1094 3553 imperii,
1117 3480 1246 3539 uirtutis.
1271 3480 1475 3543 Admiratioas

303 3584 363 3656 est3
388 3583 525 3655 quantum
548 3582 626 3641 illius
649 3582 692 3641 rei
715 3583 844 3654 dicimus,
868 3586 901 3641 ut
923 3585 1061 3657 quantum
1076 3583 1145 3657 uini,
1169 3585 1307 3656 quantum
1330 3601 1434 3658 aquae.

303 3684 399 3743 Rura
432 3684 460 3740 ·i·
496 3684 594 3744 uillas.
641 3685 758 3745 Casas
792 3688 818 3744 ·i·
853 3686 950 3746 domos
984 3686 1156 3760 pastorales.
1209 3687 1434 3761 Castellum,

305 3787 506 3846 diminutiuum
543 3805 561 3845 a
597 3790 712 3848 castris.
764 3790 930 3851 Candore
967 3790 1078 3848 miser
1113 3808 1144 3849 ·s·
1181 3790 1232 3849 alii
1268 3790 1436 3864 gaudebant

304 3894 422 3965 propter
456 3910 538 3951 suum
572 3895 733 3964 candorem,
768 3894 825 3952 iste
859 3892 1092 3965 contristabatur,
1127 3894 1195 3967 quia
1222 3893 1302 3966 lepra
1324 3895 1439 3966 gaudet

305 3994 335 4051 iu
368 4011 495 4067 corpore.
540 3995 634 4069 Lepre
670 4013 773 4069 graece
811 3998 947 4068 uarietas,
985 3996 1051 4055 inde
1083 3997 1213 4071 leprosus
1246 3996 1351 4056 dicitur
1383 4000 1475 4073 quiec

305 4097 394 4156 uariis
416 4097 561 4157 coloribus
584 4100 760 4159 maculosum
783 4117 885 4173 corpus
908 4100 1007 4161 habet.
1043 4100 1206 4172 Quaeritur,
1230 4116 1280 4159 cur
1302 4101 1435 4173 leprosus

305 4200 336 4257 iu
352 4200 398 4258 uie
421 4202 545 4261 occurrit
568 4200 696 4282 domino;
719 4203 787 4278 quia
808 4203 855 4261 lex
878 4203 1085 4278 praecipiebat,
1110 4206 1142 4262 ut
1158 4202 1249 4262 omnis
1264 4203 1435 4277 leprosusa

306 4305 447 4363 consortio
470 4306 626 4364 communis
649 4304 837 4365 habitationis
854 4308 1012 4379 separetur.
1057 4306 1189 4367 Febris
1206 4307 1231 4365 ·i·
1248 4306 1347 4378 febris,
1363 4306 1435 4367 licet

307 4424 324 4464 a
353 4407 464 4468 feruore
494 4406 616 4480 dicatur,
646 4408 800 4483 aliquando
829 4412 926 4469 tamen
959 4410 1067 4484 frigore
1096 4427 1199 4485 corpus
1229 4408 1347 4469 cruciat.
1393 4412 1436 4470 In
