3106 5250
135 448 200 513 330
609 442 794 513 Appendix.

137 640 233 702 iussus
265 644 309 700 est
338 641 437 699 uenire
459 639 573 711 Arriae,
597 641 629 698 ut
658 639 699 698 ibi
728 641 791 698 eius
820 640 983 712 patesceret
1004 636 1085 697 fides.
1123 636 1179 707 Qui
1206 653 1275 695 cum

135 744 394 817 adpropinquasset
418 743 454 802 ad
470 744 622 817 synodum,
646 744 745 800 sancto
760 740 926 801 Alexandro
942 742 1075 815 episcopo
1090 740 1120 798 in
1136 741 1276 799 oratione

134 848 337 921 perseuerante
366 845 454 905 nimio
482 850 591 903 terrore
620 845 754 918 arreptus
781 846 835 918 ost,
865 845 935 902 adeo
963 846 995 902 ut
1028 842 1124 902 emnia
1152 842 1276 902 uiscera

136 948 197 1009 eius
221 950 318 1009 doloro
341 948 505 1009 deficerent.
542 949 622 1007 Tunc
644 948 731 1005 iussit
753 947 809 1005 sibi
832 946 930 1019 parari
954 946 1087 1005 latrinas.
1125 946 1172 1004 Ad
1196 962 1275 1018 quas

135 1070 198 1112 cum
220 1053 357 1125 16116661,
382 1053 488 1111 diffusa
510 1054 581 1111 suut
603 1050 697 1109 omnia
726 1050 933 1128 maceracius,
967 1050 1034 1123 quia
1063 1048 1274 1107 iustoiudicio
1300 1065 1315 1104 a

1 1173 126 1215 ,666-661
135 1155 181 1213 (161
218 1155 292 1213 61611
319 1171 428 1214 uacuus
458 1155 649 1223 6161116116,
673 1154 716 1212 sic
738 1154 879 1212 remansit
901 1169 1009 1213 uacuus
1035 1153 1143 1211 uentre.
1183 1154 1274 1211 Our-

135 1275 177 1317 ua
198 1272 261 1330 par
283 1258 368 1316 auia
390 1258 417 1315 ·i·
440 1274 490 1330 per
513 1257 674 1315 falsitatem
691 1256 775 1330 praui
798 1256 954 1331 dogmatis.
988 1256 1093 1313 Auium
1117 1258 1164 1313 est
1186 1256 1274 1314 locus

134 1360 195 1419 aine
226 1360 283 1432 uia,
312 1376 403 1432 apro
432 1360 493 1418 eine
521 1359 648 1433 ponitur.
692 1359 826 1435 Nepos,
856 1376 946 1432 nepos
974 1359 1079 1416 dicitur
1109 1358 1185 1417 filius
1215 1358 1274 1418 filii

133 1464 164 1521 61
191 1479 280 1536 nepos
310 1462 391 1536 quasi
422 1464 508 1520 natus
536 1462 611 1534 post.
658 1462 775 1532 Quande
804 1460 895 1520 filium
923 1462 973 1518 aut
996 1460 1085 1519 filiam
1109 1462 1273 1534 significat,

135 1564 206 1624 lacit
228 1565 276 1623 hic
298 1582 386 1638 nepos
408 1565 437 1622 61
459 1565 529 1622 11666
544 1564 649 1637 neptis,
666 1564 781 1635 quando
796 1578 864 1621 uero
880 1562 1067 1637 luxuriosum,
1084 1563 1132 1621 hle
1148 1567 1178 1623 61
1194 1567 1273 1625 haec
1284 1591 1312 1629 11

133 1684 231 1741 nepos.
276 1667 362 1738 dui,
401 1683 472 1724 auus
507 1664 612 1725 dicitur
641 1665 723 1737 quasi
758 1664 854 1722 auitas
888 1664 916 1721 d·
950 1664 1095 1738 antiquus.
1137 1666 1273 1726 Totum

133 1786 331 1831 commuue.
371 1768 536 1827 Commuuio
570 1769 616 1827 uel
644 1767 833 1827 communitas
868 1768 897 1824 in
926 1770 1030 1826 saneta
1052 1768 1196 1827 Trinitate
1223 1774 1272 1829 est

133 1872 259 1946 exceptis
288 1872 419 1931 relatiuis
446 1872 619 1931 nominibus.
658 1870 740 1941 Quod
761 1872 858 1943 potest
880 1870 1089 1942 cntlregoriaari
1113 1871 1147 1929 de
1170 1874 1270 1948 patre,

22 2046 27 2058 ³
133 1976 188 2034 boc
221 1976 256 2033 de
289 1974 357 2046 filio,
392 1977 444 2033 hoc
477 1977 511 2033 de
539 1974 644 2048 spiritu
676 1975 793 2035 sancte:
832 1976 864 2032 ut
894 1975 994 2045 bonus,
1025 1991 1158 2047 maguae,
1188 1977 1269 2056 pius,

135 2078 313 2151 omnipotens
330 2079 359 2135 et
374 2080 431 2137 cet.
454 2078 581 2152 exceptis
597 2078 673 2135 sicut
696 2095 784 2151 supra
801 2078 908 2136 dictum
932 2080 977 2137 661
994 2078 1123 2136 relatiuis
1138 2081 1308 2150 nomini-15

133 2182 197 2243 burs.
243 2181 313 2250 Quo
336 2184 490 2239 crescat
508 2183 535 2239 -i·
557 2181 662 2254 ubique
685 2180 830 2255 perfectus
853 2184 899 2239 est
921 2198 979 2240 non
996 2184 1119 2242 creatus.
1158 2182 1269 2243 Arrius

132 2285 247 2343 dicebat
272 2281 343 2344 ‘esse
364 2280 544 2356 creaturam',
568 2286 619 2343 sed
642 2285 781 2343 ment'tus
804 2285 857 2355 est,
881 2300 940 2343 non
962 2286 1037 2344 enim
1059 2284 1116 2344 fuit
1138 2290 1267 2365 61661116,

132 2390 184 2447 aad
216 2388 341 2461 genitus.
386 2389 475 2446 Nam
507 2387 593 2460 qnia
627 2386 692 2460 qui
717 2404 871 2445 summus
894 2386 921 2445 ·i·
944 2387 1082 2448 excelsus.
1119 2389 1269 2464 Intellege

132 2490 189 2550 uim
213 2492 378 2549 uerborum:
402 2491 469 2550 Nou
493 2490 541 2549 hic
563 2492 608 2549 est
632 2490 708 2548 filius
731 2491 781 2562 qui
803 2492 833 2548 61
854 2492 948 2563 pater,
971 2493 1023 2550 sed
1046 2491 1100 2550 hoc
1123 2495 1169 2551 661
1184 2493 1268 2555 filius

132 2595 206 2669 qued
229 2598 258 2653 61
280 2598 363 2669 pater
387 2596 488 2653 1111
514 2594 690 2653 substantia.
728 2594 826 2652 Distat
851 2594 1132 2669 11161116611166,
1156 2596 1204 2654 hic
1228 2599 1305 2660 adeo

130 2714 275 2770 personas,
306 2700 361 2757 hoc
391 2700 426 2757 ad
461 2698 653 2756 substantiam
689 2697 829 2770 pertinet.
874 2698 989 2757 Vnum
1022 2715 1155 2758 sumus.
1195 2698 1266 2758 Non

132 2800 205 2858 dixit
236 2796 326 2858 ‘unus'
356 2802 405 2858 sed
438 2796 542 2861 ‘unum'
578 2802 604 2858 ·i·
634 2817 691 2857 una
718 2800 892 2861 substantia.
938 2800 1071 2859 Arrius
1099 2819 1204 2859 unum
1236 2803 1265 2861 ·i·

131 2918 215 2961 unam
239 2903 433 2962 substantiam
456 2905 529 2963 scire
551 2904 646 2962 debet.
670 2902 725 2962 1116
740 2905 815 2962 enim
830 2903 942 2962 dicebat
959 2905 1020 2963 tres
1042 2920 1106 2963 esse
1121 2921 1265 2977 personas

134 3006 213 3079 bena,
237 3008 341 3066 611166
357 3007 534 3067 substantias
551 3008 636 3066 male.
667 3007 786 3066 Dicebat
800 3008 874 3067 enim
889 3008 994 3066 Filium
1010 3009 1145 3066 minorem
1161 3009 1263 3081 Patre,

132 3109 270 3182 Spiritum
293 3112 425 3169 sanctum
448 3111 586 3169 minorem
611 3113 731 3183 utroque
753 3115 782 3171 61
805 3115 905 3171 661116
921 3111 1064 3170 Sabellius
1086 3128 1176 3169 unam
1190 3113 1301 3175 sub-aa

130 3212 268 3270 stantiam
302 3213 384 3287 bene,
419 3216 468 3273 sed
500 3231 584 3271 unam
615 3230 768 3285 personam
797 3216 880 3273 male.
914 3213 1034 3272 Dicebat
1056 3211 1149 3271 enim:
1173 3214 1264 3273 Pater

4 3322 11 3337 ⁰
59 3342 62 3347 ¹
131 3306 242 3387 quaudo
266 3316 340 3390 uult,
361 3320 447 3390 puter
462 3321 517 3387 661,
542 3316 653 3389 quaudo
669 3315 743 3388 uult,
758 3317 835 3374 filius
850 3318 904 3388 661,
920 3316 1033 3390 quando
1048 3317 1121 3394 nult,
1138 3316 1263 3390 spiritus

130 3419 246 3476 sauctus
281 3422 336 3478 est.
378 3423 453 3478 late
476 3422 503 3478 ·i·
528 3419 670 3478 Sabellius
698 3418 782 3476 fidem
810 3426 924 3477 ternam
952 3419 1037 3477 debet
1064 3420 1147 3478 66116.
1193 3420 1263 3479 Ast

130 3519 191 3578 lric
220 3521 387 3583 ·i·A1·rius.
433 3521 648 3581 Cachinnus
687 3524 732 3579 661
773 3520 931 3580 dissolutus
972 3522 1047 3580 risus
1075 3523 1103 3580 ·i·
1136 3522 1260 3595 crispus.

131 3622 232 3682 Potest
255 3624 344 3682 etiam
366 3624 420 3683 hoc
442 3625 478 3683 ad
501 3624 687 3697 philosophos
709 3624 819 3697 referri,
850 3642 916 3684 nam
939 3625 1128 3698 philosophus
1152 3625 1261 3698 aliquis
1272 3651 1300 3691 ao

130 3726 251 3784 multum
281 3726 408 3800 loquitur
438 3729 515 3787 sicut
543 3728 694 3806 Epicurea,
731 3729 780 3802 qui
809 3729 843 3787 de
874 3729 1019 3788 creatione
1045 3728 1145 3787 mundi
1168 3730 1262 3787 multa

130 3828 212 3890 dixit.
249 3829 372 3888 Dicebat
400 3830 474 3889 euim
506 3832 645 3890 mundum
675 3848 709 3890 ex
738 3831 841 3890 atomis
869 3833 1011 3890 constare.
1056 3831 1143 3889 Tacet
1174 3830 1261 3891 111116

131 3930 206 3990 alter
222 3932 298 3990 siout
311 3932 506 4007 Pythagorici,
523 3933 571 4006 qui
584 3934 777 4007 quinquennio
790 3932 951 4005 discebant,
968 3952 1020 4008 per
1031 3933 1262 4007 quinquennium

179 4214 313 4305 5di'fusa
338 4252 365 4304 A
469 4252 590 4321 lparui
617 4252 656 4305 Αι
675 4269 745 4308 corr.
764 4256 838 4309 m.2
939 4254 974 4306 24
995 4243 1061 4321 pat'⁰
1081 4258 1119 4318 (16
1137 4271 1155 4307 α
1173 4271 1208 4308 m.
1228 4257 1259 4320 2)

129 4373 157 4425 A
258 4371 293 4427 25
311 4372 438 4441 sapellius
456 4372 483 4425 A
586 4372 620 4426 32
638 4373 754 4429 athomis
772 4376 800 4429 A
902 4375 937 4429 33
955 4341 1099 4443 pitagorici
1116 4376 1144 4429 A
