3106 5250
198 478 262 545 324
672 426 855 543 Appendix.

64 673 378 733 v.oo-1moornieulata
400 674 447 732 est
462 672 491 731 in
508 672 661 731 crescendo
679 672 710 729 et
731 671 931 731 decrescendo.
970 668 1036 741 Qui
1058 670 1204 730 stollas.
1237 670 1342 747 Hygi·

197 793 251 836 nus
273 777 304 834 ot
326 776 436 834 Aratus
458 774 599 847 astrologi
620 772 738 831 fuerunt
761 773 903 846 tingentes
925 788 956 832 so
971 774 1045 831 soiro
1060 768 1212 832 numerum
1228 772 1342 832 stolla-

198 896 269 955 rum,
283 878 333 939 sod
345 877 459 937 mentiti
472 877 548 937 suut.
571 875 678 935 Nullus
690 877 767 935 onim
780 876 833 935 hoo
845 876 902 934 soit
913 874 971 934 uisi
983 876 1064 935 deus.
1088 877 1200 936 Potes
1211 878 1341 947 tates,

198 982 266 1056 quia
295 982 434 1054 quaedam
464 982 530 1039 sunt
560 996 632 1052 quae
662 979 846 1041 dominantur
876 978 976 1053 calori,
1005 978 1079 1039 alies
1109 978 1222 1053 frigori,
1259 980 1341 1039 aliae

198 1085 427 1159 tempestatibus.
466 1084 624 1143 Diuersa
646 1084 684 1141 in
707 1100 868 1157 corpora.
900 1084 1009 1156 Corpus
1029 1083 1242 1155 aeorruptiono
1261 1083 1340 1142 dioi·
1364 1102 1378 1143 s

197 1192 256 1259 tm,
280 1188 347 1261 quia
369 1186 426 1245 cito
450 1184 555 1245 resolui
579 1186 671 1258 possit
694 1187 723 1243 ot
746 1184 799 1243 hoo
817 1185 879 1245 loeo
896 1201 1001 1259 eorpus
1018 1185 1151 1258 intellegi
1167 1185 1233 1243 uult
1249 1202 1340 1245 omno

198 1292 271 1363 quod
287 1291 312 1350 V
328 1289 460 1349 sensibus
475 1290 635 1362 percipitur
650 1287 697 1348 uel
711 1288 845 1363 quioquid
862 1290 964 1348 dextra
983 1290 1159 1362 procreatur.
1204 1288 1235 1346 M
1241 1290 1340 1362 psti-

199 1410 273 1451 oum
304 1392 405 1451 Graeci
435 1391 537 1450 dieunt
567 1392 718 1463 secretum,
749 1392 824 1450 undo
855 1391 977 1466 mystica
1007 1392 1140 1451 dicuntur
1168 1394 1284 1451 seurota
1307 1394 1340 1451 et

199 1495 364 1569 mysterium
387 1495 474 1565 atque
498 1492 661 1567 symmistes
675 1492 702 1551 ·i·
718 1494 901 1553 secretarius.
931 1493 1036 1567 Area,
1060 1511 1127 1553 area
1154 1495 1239 1569 diota,
1266 1494 1339 1568 quio

199 1614 271 1671 quae
294 1596 425 1655 eontinet
446 1595 529 1654 nobis
552 1611 657 1653 aroana
679 1597 747 1653 suut
770 1596 797 1653 ·i·
813 1597 937 1655 occulto.
959 1596 1043 1655 Modo
1059 1597 1239 1671 allegorizet,
1258 1600 1337 1670 quod
1351 1623 1376 1661 ro

199 1699 346 1774 significet
374 1715 450 1760 aroa.
495 1698 701 1759 Diluuium.
737 1698 827 1773 Siout,
858 1700 962 1779 inquit,
987 1699 1036 1759 ille
1059 1702 1108 1773 qui
1124 1699 1156 1759 in
1172 1717 1238 1759 arca
1255 1701 1338 1761 salui

199 1803 314 1862 fuorunt
344 1801 533 1861 morientibus
564 1800 642 1874 aliia,
674 1802 717 1860 ito
744 1817 821 1861 nuno
844 1803 1105 1876 perbaptismum
1128 1803 1236 1877 inquo
1261 1804 1337 1864 fides

199 1910 318 1968 sanotae
332 1906 473 1965 trinitatis
491 1906 663 1977 continetur,
681 1906 833 1965 saluautur
845 1906 946 1967 fideles
963 1908 992 1966 ot
1004 1909 1177 1966 damnantur
1190 1907 1337 1967 infideles

199 2010 274 2069 Nem
297 2010 434 2069 diluuium
459 2008 607 2081 signifieat
628 2011 788 2083 peceatum,
812 2025 887 2081 aqua
907 2008 1009 2068 diluuii
1024 2009 1208 2082 baptismum.
1256 2011 1339 2070 (lal-

199 2114 265 2186 lis‚
293 2111 376 2172 eallis
398 2112 504 2171 dieitur
525 2129 543 2170 a
565 2112 638 2171 oallo
655 2113 681 2169 ·i·
697 2130 715 2172 a
730 2112 803 2172 oallo
825 2130 971 2186 pecorum,
995 2129 1052 2185 qua
1073 2131 1177 2188 peoora
1197 2118 1376 2187 pergunt„

200 2215 340 2276 Semita
362 2214 468 2273 dieitur
490 2215 574 2288 quasi
590 2214 676 2274 semis
691 2216 748 2274 uia.
773 2214 827 2273 Via
843 2216 948 2275 dieitur
963 2234 980 2273 a
995 2216 1125 2275 uoluendo
1141 2217 1226 2289 qnasi
1241 2218 1341 2279 uehea

199 2320 256 2393 uel,
281 2320 357 2377 siout
374 2318 556 2390 Augustinus
579 2317 660 2390 dicit,
684 2316 733 2375 uia
755 2314 893 2377 dieitur'a
908 2319 938 2377 ui
961 2319 1075 2392 pedum,
1097 2336 1130 2378 oo
1152 2320 1229 2393 quod
1252 2322 1342 2396 pedi·

200 2424 253 2482 bus
276 2422 400 2481 teratur.
435 2421 508 2479 Sunt
523 2422 619 2479 autom
642 2406 705 2479 IIII
727 2436 834 2494 genera
848 2421 961 2480 uiarum
984 2422 1011 2480 ·i·
1032 2422 1123 2493 callis,
1147 2422 1264 2503 semita,
1290 2425 1342 2485 uia

200 2528 230 2585 et
254 2526 346 2585 aotus.
380 2524 471 2582 Actus
494 2523 602 2582 dieitur
624 2524 673 2582 uia
695 2524 813 2597 publica
835 2525 890 2584 duo
913 2527 1051 2597 carpenta
1073 2525 1214 2599 recipiens
1236 2528 1266 2586 i·
1282 2530 1342 2589 duo

200 2629 342 2703 plaustra,
371 2645 458 2686 unum
488 2630 614 2700 euntem,
649 2628 772 2686 alterurn
800 2630 975 2689 redeuntem.
1021 2627 1186 2702 Hiemps:
1222 2630 1381 2706 hiempsna

201 2732 307 2790 dieitur
328 2731 363 2788 ab
386 2730 569 2805 hemisperio,
594 2730 670 2802 quod
685 2732 730 2788 est
746 2729 866 2789 dimidia
880 2748 948 2804 pars
963 2748 1064 2805 sperae
1079 2732 1224 2795 caelestis.
1249 2733 1344 2795 Vor-

201 2849 291 2892 naro
314 2833 359 2892 ost
380 2832 493 2905 florere,
518 2832 592 2912 *hino
620 2833 738 2892 uernale
767 2834 880 2907 tempus
903 2850 936 2892 eo
960 2837 1033 2909 quod
1058 2837 1126 2893 tuno
1148 2834 1232 2895 floret
1255 2838 1344 2899 totus

201 2937 335 2996 mundus
382 2936 580 2994 Potentem
609 2936 637 2994 ·i·
665 2936 803 3008 apertam,
830 2938 976 3009 patentem
999 2937 1102 2996 siluam
1124 2940 1211 2997 uocat
1233 2941 1344 3000 multi-

200 3040 328 3099 tudinem
351 3037 567 3098 miraoulorum.
605 3038 694 3099 Side
708 3056 746 3098 ra
761 3056 778 3097 a
793 3039 1001 3099 oonsideraudo
1018 3040 1095 3100 diota
1111 3040 1190 3101 uelut
1207 3060 1225 3101 a
1240 3042 1344 3105 sidero

201 3144 289 3204 uerbo
312 3142 339 3200 ·i·
362 3142 446 3213 mieo,
470 3142 544 3214 quod
563 3141 710 3215 signifieat
725 3159 832 3216 moueo,
857 3143 925 3217 quia
941 3143 1027 3203 simul
1042 3161 1105 3203 oum
1120 3145 1198 3204 eaelo
1214 3163 1343 3208 mouen-
1354 3176 1382 3215 25

132 3286 136 3291 -
202 3250 260 3307 tur.
301 3245 437 3305 Peotus
471 3243 498 3301 ·i·
531 3244 705 3318 pulmonem,
743 3246 778 3306 de
812 3247 945 3320 pulmone
978 3247 1056 3306 enim
1089 3265 1142 3307 uox
1175 3250 1341 3321 egreditur.

202 3347 384 3418 Bibulus,
419 3346 536 3406 bibulus
570 3347 677 3408 dieitur
710 3349 833 3408 multum
867 3350 981 3410 bibens.
1020 3352 1090 3410 Post
1123 3350 1342 3415 inuocationem

202 3467 282 3510 suam
304 3449 376 3508 facit
397 3449 601 3509 narrationem.
646 3450 784 3524 Chaos,
808 3453 895 3512 chaos
918 3452 1024 3513 dieitur
1046 3453 1244 3527 primordialis
1269 3473 1343 3516 oon·

203 3552 287 3611 fusio.
325 3552 530 3616 Viuaoibus
553 3554 579 3612 ·i·
602 3555 650 3613 diu
673 3555 850 3616 uiuentibus.
888 3556 983 3616 Viuax
1012 3557 1118 3616 dieitur
1140 3556 1264 3617 multum
1289 3564 1343 3635 qui

203 3656 284 3725 uiuit,
314 3655 382 3715 hino
410 3656 552 3729 Virgilius
584 3652 746 3718 ‘uiuaois
775 3674 911 3719 oornua
938 3655 1060 3720 oerui'.
1104 3660 1281 3734 Abusque
1309 3667 1380 3733 etio

202 3761 330 3833 adusque
353 3775 404 3832 pro
429 3759 466 3818 ab
489 3761 518 3818 et
541 3759 578 3817 ad
592 3761 720 3832 ponitur.
764 3760 946 3833 Naturae,
969 3762 1037 3835 quia
1052 3763 1196 3822 humanae
1211 3766 1341 3827 naturae

203 3865 247 3921 est
269 3864 302 3920 ut
324 3861 464 3921 moriatur
486 3863 570 3922 homo
586 3865 633 3923 uel
648 3865 714 3937 post
730 3863 767 3921 ·0·
785 3881 887 3926 annos.
932 3865 1027 3925 Mors
1044 3868 1088 3925 est
1103 3865 1229 3940 priuatio
1246 3869 1340 3941 uitae,

203 3965 309 4024 dieitur
337 3968 432 4024 autem
461 3982 537 4024 mors
567 3969 723 4027 seeundum
747 3967 943 4042 Augustinum
971 3987 989 4029 a
1016 3986 1113 4029 morsu
1139 3969 1226 4030 uetiti
1247 3973 1338 4044 pomi.

304 4147 339 4201 30
360 4145 418 4200 Eol.
435 4147 490 4201 VH
507 4148 542 4202 30

255 4318 394 4387 lYginus
411 4319 467 4372 AB
572 4318 742 4374 romolono
765 4321 792 4374 A
897 4322 928 4375 11
947 4322 1043 4390 inquid
1061 4323 1116 4377 AB
1219 4324 1254 4379 20
1270 4326 1341 4392 fort.

204 4405 520 4460 eunium-redeuntum
