3106 5250
264 412 328 481 356
737 414 920 483 Appendir.

264 608 292 665 ·i·
314 608 498 683 baptismum,
534 607 666 667 Christus
700 609 743 667 eet
774 608 858 681 panis
886 608 961 667 sicut
990 608 1061 681 ipse,
1092 608 1152 681 Ego
1181 625 1254 678 sum,
1286 608 1404 681 inquit,

264 708 349 783 panis
383 712 475 771 uiuus.
521 710 645 783 Spiritus
680 711 797 769 sanctus
832 712 919 785 iguis,
955 712 1024 785 quia
1051 712 1175 785 Spiritus
1210 713 1334 769 sauctus
1373 712 1405 768 in

266 812 376 887 linguis
399 812 494 886 igneis
517 814 652 887 apparuit
674 814 824 887 discipulis
848 814 878 871 in
911 814 957 874 die
983 815 1176 887 pentecostes.
1213 813 1290 871 Hinc
1320 830 1405 885 equa

119 914 461 988 eros-mbsptismatis.
507 914 640 989 Epulis
671 918 697 975 ·i·
725 918 760 975 ad
790 916 890 989 epulas
917 917 1052 976 edendas.
1098 916 1236 974 Modico
1259 920 1401 986 paratu

265 1018 291 1076 ·i·
313 1034 404 1091 parua
426 1019 667 1091 praeparation03
691 1036 791 1092 parua,
819 1037 877 1077 uon
901 1018 1059 1091 luxuriosa,
1083 1020 1159 1078 sicut
1182 1017 1276 1076 solent
1299 1016 1403 1076 facer-e
1428 1033 1442 1073 s

263 1134 347 1192 reges
378 1122 406 1177 et
434 1120 587 1195 principes.
634 1120 720 1179 Ititu
748 1122 775 1177 ·i·
804 1139 838 1181 er
866 1138 953 1193 more,
984 1122 1051 1195 quia
1080 1120 1191 1194 antiqui
1217 1120 1403 1193 prandentes

263 1223 336 1282 toris
374 1221 602 1284 discumbebant.
663 1224 770 1283 Toris
804 1224 831 1281 ·i·
864 1225 977 1295 herbis,
1015 1225 1064 1282 nbi
1087 1224 1290 1282 discubuerunt
1331 1240 1401 1281 cnm

262 1326 411 1399 magistro.
447 1326 628 1399 Operario
647 1328 672 1385 ·i·
691 1328 787 1399 Petro,
811 1343 898 1385 oues
914 1326 986 1386 dicit
1001 1328 1219 1399 praedicatores.
1256 1326 1400 1383 Betha-

262 1429 322 1489 nia
344 1429 497 1488 cinitatnla
519 1433 563 1487 est
590 1430 619 1487 in
642 1431 739 1487 monte
761 1429 862 1488 olineti
891 1430 986 1503 posita
1009 1434 1037 1488 et
1060 1430 1267 1502 interpretatur
1291 1428 1399 1485 domns

262 1532 428 1591 oboediens.
473 1534 614 1591 Dextra
647 1531 796 1605 aequalem
825 1534 947 1607 gloriam
975 1532 1128 1605 siguificat.
1166 1531 1303 1590 Dominus
1336 1548 1398 1589 non
1412 1548 1439 1586 ro

262 1636 351 1695 habet
378 1636 508 1695 dextram
535 1654 567 1693 ·s·
596 1636 696 1700 dextra
729 1653 780 1708 pro
813 1636 989 1708 aequalitate
1025 1637 1053 1692 et
1086 1637 1229 1706 potestate
1262 1635 1396 1707 ponitur.

263 1738 426 1798 Plurima
454 1738 705 1797 innumerabilium
734 1739 871 1797 bonorum
899 1736 1035 1810 discipuli
1057 1754 1112 1796 uon
1136 1738 1314 1810 scripserunt
1332 1754 1398 1795 orn·

263 1843 321 1911 uia,
345 1859 416 1915 quae
439 1841 507 1901 lecit
530 1841 678 1915 Dominus,
703 1844 752 1899 sed
776 1844 886 1899 tanturn
904 1842 1090 1915 scripserunt,
1108 1844 1247 1915 quantum
1262 1840 1399 1913 pertinet

263 1946 300 2003 ad
329 1945 499 2004 saluandum
527 1956 635 2018 genus·
651 1944 815 2015 humanum,
847 1946 914 2018 quia
942 1947 967 2003 si
996 1944 1135 2013 facerent,
1168 1960 1223 2002 non
1248 1943 1397 2017 potuisset

262 2050 385 2107 mundns
419 2065 529 2121 capere.
576 2027 688 2108 Carta
728 2048 806 2107 dicta
840 2066 857 2107 a
886 2048 1006 2107 certano
1043 2049 1154 2121 oppido,
1190 2047 1238 2104 nbi
1266 2046 1436 2119 primumrs

261 2154 394 2224 repertus
416 2154 462 2211 est
483 2168 552 2211 usus
579 2138 733 2223 cartarum,
763 2152 839 2210 sicut
854 2152 1070 2224 pergamentum
1085 2168 1102 2207 a
1119 2152 1255 2221 Pergamo
1272 2149 1392 2221 oppido.

262 2254 366 2315 cartae
400 2259 470 2315 sunt
503 2255 693 2327 membranae,
718 2253 897 2313 membranae
919 2257 1013 2312 autem
1037 2257 1104 2312 sunt
1127 2252 1218 2327 pelles
1240 2253 1338 2311 onium
1365 2258 1396 2311 et

262 2358 395 2418 dicuutur
426 2376 457 2418 eo
488 2359 561 2432 qnod
586 2376 603 2417 o
625 2358 759 2417 membris
788 2359 882 2417 ouium
912 2362 1064 2417 exuantur.
1113 2355 1270 2428 Descriptio
1299 2356 1394 2413 mira-

261 2464 335 2521 culis
371 2462 502 2521 hortatur
539 2464 623 2533 poeta
660 2479 755 2520 secum
793 2476 892 2519 omnes
930 2477 1029 2519 canere
1065 2458 1180 2517 Christo
1215 2460 1243 2515 et
1275 2460 1394 2531 gratias

260 2565 377 2627 referre.
576 2604 584 2619 .
1058 2624 1069 2643 ι
1110 2636 1112 2640 ¹
1406 2578 1436 2619 no

619 2782 685 2879 ,IN
723 2780 963 2863 Hl'llNVll
996 2782 1022 2862 l.

159 3021 178 3051 v.
193 3014 257 3051 1-14
305 2993 484 3051 Honorem
501 2992 526 3050 ·i·
543 2992 674 3064 gloriam.
710 2991 952 3049 Ore-suestre.
992 2990 1054 3049 Pio
1079 2992 1104 3048 ·i·
1129 2963 1264 3063 glorioso.
1296 2990 1393 3049 Para-

262 3099 341 3156 ctera
363 3112 465 3168 graece
488 3095 676 3169 repercussio,
701 3095 767 3154 inde
790 3096 997 3166 paractericum
1022 3111 1143 3163 carmen,
1168 3094 1272 3152 dieitur
1288 3109 1394 3166 reper-

261 3216 375 3259 cussum
398 3216 430 3259 eo
453 3200 527 3274 quod
550 3200 741 3273 repercutitur
764 3216 835 3258 unus
857 3214 958 3256 uersus
975 3199 1011 3256 ab
1027 3197 1126 3269 altero,
1144 3198 1197 3256 hoc
1212 3198 1258 3254 est
1274 3196 1394 3257 initium

260 3303 345 3375 primi
374 3303 406 3361 fit
434 3303 565 3361 ultimum
597 3303 723 3362 secundi.
769 3302 880 3360 Vnius
903 3321 935 3360 ·s·
956 3302 1045 3359 Adae.
1091 3300 1138 3358 Ob
1170 3301 1336 3359 meritum
1364 3304 1431 3359 des

261 3408 296 3465 ob
330 3422 456 3465 causam.
501 3407 661 3465 Minores
689 3406 715 3462 ·i.
750 3405 867 3479 posteri.
922 3404 1036 3464 Vnius
1072 3405 1097 3461 ·i·
1128 3404 1246 3464 Christi.
1291 3403 1391 3471 Quae

260 3510 386 3583 patuit
407 3510 434 3568 ·i·
457 3509 513 3568 fuit
535 3509 632 3586 ianua,
657 3509 724 3582 quia
746 3526 797 3581 per
820 3509 901 3566 illam
925 3526 1000 3567 mors
1024 3507 1153 3567 intrauit.
1183 3508 1284 3566 Iudam
1301 3510 1390 3565 uocat

259 3612 388 3686 iniquum
422 3613 549 3683 fratrem,
585 3613 653 3685 quia
687 3612 818 3671 Christus
851 3628 949 3670 omnes
984 3611 1139 3683 discipulos
1176 3627 1242 3668 snos
1277 3608 1390 3668 fratres
1420 3588 1424 3595 ¹

260 3714 398 3789 appellat.
444 3716 644 3774 Transitus
679 3716 706 3773 ·i·
733 3714 1028 3775 translatio-Enoch.
1076 3715 1167 3784 Quid
1198 3712 1325 3771 amisit
1361 3712 1390 3770 ·i·

260 3818 373 3892 qualem
387 3819 481 3876 locum
496 3818 630 3892 perdidit.
666 3819 801 3877 Parent
816 3818 843 3875 ·i·
859 3820 1040 3891 praeparent.
1066 3820 1107 3876 De
1123 3819 1250 3876 transitu
1267 3816 1428 3887 Christian

260 3922 328 3995 quia
347 3924 377 3981 et
398 3938 451 3980 nos
473 3923 515 3980 ita
538 3921 720 3984 transiemus.
764 3925 911 3995 Aequor
934 3922 960 3978 i·
983 3921 1132 3980 diluuium.
1177 3921 1301 3979 Archa
1324 3919 1388 3978 Noe

259 4041 293 4084 ex
317 4023 405 4098 liguis
427 4023 564 4098 lenigatis
587 4024 644 4083 fuit
667 4025 693 4082 ·i·
712 4024 817 4083 dolatis
845 4027 874 4082 et
896 4041 953 4082 non
976 4024 1078 4082 habuit
1105 4040 1237 4096 maguum
1260 4023 1384 4095 pondus.

363 4192 376 4243 l
402 4188 460 4243 Ioh.
478 4190 521 4255 41,
539 4191 570 4243 51
646 4240 649 4245 .

311 4345 346 4398 20
363 4339 476 4399 oardem'
494 4348 560 4399 Μ
578 4346 609 4398 irc
620 4361 672 4415 rnp.
690 4346 717 4397 A
800 4346 835 4400 24
852 4349 912 4403 dciii
932 4351 973 4413 (in
990 4365 1077 4419 morp.
1095 4349 1178 4402 initiu
1197 4364 1230 4400 nt.
1245 4351 1272 4410 2)
1290 4349 1318 4400 A
