3106 5250
291 476 355 543 322
408 428 411 434 Ι
766 472 948 543 Appendix.

291 670 342 729 sed
364 668 399 728 de
421 668 447 727 X
469 667 634 741 praeceptis
656 665 741 740 legis.
780 669 823 725 ·X·
850 668 974 728 ehordas
996 669 1080 727 uocat
1102 669 1185 727 uetus
1207 668 1431 737 testamentum,

291 774 321 832 iu
344 788 399 846 qno
421 772 447 828 X
469 773 624 845 praecepta
640 771 713 843 legis
729 771 922 831 eontinentur.
946 771 1123 831 Psalterium
1138 773 1184 830 est
1199 770 1432 829 instrumentum

290 875 431 937 musicum
453 874 605 934 habensX
627 874 748 934 chordas
770 876 800 933 et
820 874 981 948 perentitur
997 875 1033 933 ab
1055 874 1240 934 inferioribus
1256 876 1285 932 et
1300 874 1432 939 resultat

291 980 327 1039 ab
350 978 547 1038 inferioribus.
582 978 638 1038 Per
663 974 747 1038 ‘odas'
765 977 975 1037 Xehordarum
1000 978 1170 1052 psalterium
1192 977 1255 1035 uult
1277 976 1431 1049 intellegi,

169 1079 342 1140 v.e1-4e‘·X·
365 1077 495 1141 chordas'
520 1083 561 1139 ·X·
591 1082 667 1156 legis
695 1085 857 1156 praecepta.
901 1082 1063 1142 Artibus
1092 1082 1119 1139 d·
1149 1080 1182 1139 in
1213 1080 1467 1142 mansionibusa

289 1184 350 1242 Arx
378 1185 484 1244 dieitur
514 1185 602 1244 altius
633 1184 794 1244 aedificium
823 1184 852 1243 in
883 1184 1011 1255 ciuitate,
1039 1185 1145 1244 dietum
1169 1186 1204 1243 ab
1230 1178 1372 1243 ‘arcendo'
1400 1184 1430 1241 ·i·

289 1287 465 1362 repellendo,
489 1290 619 1361 eoquod
642 1289 727 1361 longe
750 1286 871 1362 repellat
900 1305 918 1347 a
948 1305 980 1347 se
1002 1288 1124 1362 hostem,
1154 1288 1222 1360 quia
1244 1285 1428 1360 etymologia

290 1388 378 1448 etiam
412 1388 526 1450 dieitur.
572 1390 764 1464 Sceptrum
795 1390 821 1447 ·i·
852 1390 1015 1464 imperium.
1052 1389 1106 1447 Est
1141 1393 1237 1448 autem
1270 1391 1428 1461 gestamen

289 1491 368 1563 regis
391 1493 420 1551 et
441 1509 493 1565 pro
515 1509 605 1565 regno
628 1492 754 1565 ponitur.
799 1492 1031 1565 Principium
1058 1492 1129 1551 deus
1153 1492 1259 1551 dieitur
1280 1492 1328 1550 uel
1353 1492 1428 1564 quia

290 1596 354 1655 sine
376 1595 459 1654 initio
482 1596 529 1653 uel
552 1596 621 1668 quia
643 1596 738 1653 omnia
760 1611 832 1669 quae
855 1597 923 1654 sunt
946 1595 983 1654 ab
999 1611 1032 1654 eo
1060 1594 1173 1653 initium
1191 1595 1306 1655 essendi
1321 1612 1428 1668 sump·
1439 1618 1467 1659 ro

291 1700 401 1757 serunt.
446 1698 625 1758 Medullis
641 1699 668 1756 ·i·
684 1698 843 1759 mentibus.
871 1696 999 1758 Medulla
1015 1699 1060 1757 est
1081 1698 1202 1757 interior
1217 1714 1284 1770 pars
1300 1698 1426 1771 ossium,

289 1800 369 1859 dieta
401 1817 433 1860 eo
462 1802 536 1873 quod
565 1801 604 1859 sit
626 1802 729 1861 media.
775 1802 899 1877 Curis,
930 1818 998 1861 eura
1021 1801 1153 1860 dictaeo
1176 1803 1250 1875 quod
1274 1817 1322 1859 eor
1345 1801 1426 1859 urat.

290 1903 413 1975 Serpit
446 1903 473 1960 ·i·
506 1905 651 1978 penetrat.
691 1904 885 1978 cecropei:
919 1905 1040 1979 Cecrops
1073 1904 1131 1964 fuit
1164 1922 1214 1963 rex
1246 1903 1427 1963 Graecorum

290 2005 465 2066 ueneniferis
500 2006 628 2067 imbutus
651 2008 800 2082 doctrinis,
830 2008 898 2069 hine
932 2008 1105 2082 Oeoropeum
1133 2024 1275 2067 uenenum
1313 2007 1427 2067 dieitur

290 2109 421 2169 doetrina
444 2109 521 2169 illius
543 2110 629 2171 mala.
673 2110 865 2184 Spirantis
888 2111 1047 2172 odorem:
1070 2111 1234 2185 Hypallage
1258 2111 1464 2182 est,debu·1a

289 2210 362 2271 isset
384 2212 461 2271 enim
489 2213 599 2272 dicere:
629 2216 774 2274 sectantes
803 2216 916 2275 odorem
946 2215 1086 2288 spirantis
1109 2216 1197 2274 uitae.
1242 2215 1428 2274 Pedorem

290 2313 317 2371 ·i·
345 2314 495 2375 faetorem.
534 2316 626 2375 Pedor
649 2316 765 2390 proprie
787 2317 894 2377 dieitur
916 2316 1010 2377 faetor
1042 2318 1156 2390 pedum.
1202 2317 1302 2390 Pagi.
1340 2318 1427 2392 Pago

289 2434 391 2493 greeae
421 2419 527 2478 dieitur
555 2418 633 2494 fons,
662 2420 728 2480 inde
751 2420 857 2481 dicitur
887 2422 967 2491 uilla,
992 2438 1024 2482 eo
1047 2421 1123 2495 quod
1146 2420 1185 2479 sit
1207 2420 1286 2479 iuxta
1309 2419 1427 2481 fontem

289 2522 361 2600 site;
384 2522 451 2581 inde
474 2523 582 2596 pagani
597 2524 731 2583 dicuutur
747 2525 859 2595 nillani,
883 2540 916 2584 eo
932 2525 1008 2598 quod
1022 2524 1107 2597 longe
1123 2524 1185 2583 sint
1199 2541 1217 2582 a
1231 2522 1352 2583 ciuitate
1378 2526 1428 2584 dei

289 2624 336 2684 uel
365 2626 448 2698 quasi
480 2644 513 2685 ex
541 2643 598 2685 uno
627 2626 706 2685 fonte
728 2629 873 2701 potantes.
918 2626 1144 2686 Laborintus
1174 2626 1230 2686 fuit
1256 2642 1371 2701 ypogea
1395 2630 1466 2693 dae

289 2729 476 2788 subterranea
497 2728 585 2799 fossa,
610 2746 696 2802 quam
718 2729 789 2788 feeit
811 2720 965 2790 Daedalus.
989 2730 1101 2789 Fabula
1124 2730 1191 2788 talis
1214 2732 1268 2789 est.
1291 2730 1427 2803 Pasiphe

288 2829 345 2889 fuit
367 2847 437 2889 uxor
468 2829 583 2904 Minois,
611 2832 691 2904 regis
720 2831 830 2907 Cretae,
860 2849 934 2905 quae
959 2833 1067 2891 amauit
1090 2835 1204 2892 taurum
1227 2834 1257 2891 et
1278 2848 1332 2904 per
1354 2849 1426 2891 oon-

289 2933 387 2993 silium
410 2934 542 3009 Daedali,
566 2934 702 3007 quierat
724 2935 991 3007 artificiosissimus
1018 2935 1172 2997 eoneubuit
1194 2953 1258 2994 oum
1281 2950 1326 3005 eo,
1350 2934 1426 2996 inde

289 3039 377 3097 natus
411 3039 455 3096 est
487 3037 666 3098 Minotaurus
699 3040 854 3098 semihomo
887 3040 914 3097 .i-
945 3040 1128 3112 semitaurns‚
1167 3039 1217 3112 qui
1253 3039 1426 3099 comedebat

288 3141 428 3201 homines.
466 3141 575 3200 Videns
599 3143 696 3201 autem
719 3143 772 3201 hoc
794 3141 941 3201 Daedalus
964 3143 1033 3202 feeit
1054 3159 1194 3217 ypogeam
1217 3143 1244 3200 ·i·
1267 3144 1463 3208 subterra-25

288 3261 370 3304 neam
392 3244 502 3303 fossam
525 3261 589 3302 eum
611 3246 649 3303 ιθ·
673 3245 765 3322 ostiis,
790 3245 821 3305 in
844 3262 901 3319 qua
920 3246 1051 3307 inclusus
1067 3248 1111 3306 est
1125 3246 1314 3318 Minotaurus
1331 3262 1425 3318 quam

288 3345 402 3407 domum
417 3346 605 3405 Laborintum
628 3349 745 3407 uocauit
767 3349 797 3406 et
819 3348 924 3407 dieitur
939 3349 1114 3409 Laborintus
1133 3349 1215 3420 quasi
1230 3348 1312 3407 labor
1328 3349 1424 3426 intuS,

288 3448 357 3523 quia
380 3449 427 3523 qui
450 3449 538 3508 semel
560 3449 785 3523 ingrediebatur,
812 3467 959 3524 nunquam
982 3453 1193 3511 reuertebatur.
1232 3450 1307 3509 Hine
1330 3456 1423 3525 poeta

287 3551 483 3627 metaphorice
511 3553 701 3613 Laborintum
729 3556 813 3613 nooat
841 3571 953 3615 errores
976 3554 1209 3630 Atheniensium,
1236 3554 1286 3627 qui
1308 3554 1422 3614 nilibus

289 3654 469 3715 delectantur
492 3655 667 3715 earminibus
690 3655 783 3729 magis
806 3673 891 3730 quam
913 3656 991 3716 ueris
1015 3658 1102 3717 dietis
1124 3656 1310 3730 euangelieae
1334 3658 1460 3721 lecti-ao

286 3759 359 3820 onis.
397 3758 510 3817 Reuera
532 3760 633 3818 taurus
655 3759 760 3818 Minois
783 3758 861 3833 regis
883 3761 1013 3821 notarius
1036 3761 1102 3838 fuit,
1132 3760 1180 3833 qui
1205 3776 1268 3818 oum
1290 3759 1423 3832 Pasipha

286 3862 451 3934 concubuit,
466 3861 580 3920 nomine
595 3860 783 3922 Minotaurus.
812 3862 955 3922 Daedalus
974 3863 1228 3923 artifieiosissimus
1251 3862 1317 3934 fuit,
1335 3862 1420 3923 ouius

339 4105 510 4220 leheman}
533 4133 561 4186 B
691 4132 782 4200 uno
805 4133 841 4203 X]
864 4148 978 4203 quorum
1002 4135 1056 4188 AB
1185 4134 1295 4188 daltus
1319 4134 1347 4187 B

288 4236 303 4289 7
328 4237 442 4306 repellat
469 4254 520 4292 om.
547 4238 576 4291 B
677 4239 705 4291 et
731 4235 880 4306 himologia
906 4238 962 4291 AB
1072 4239 1105 4292 15
1131 4237 1264 4308 yppalage
1290 4237 1347 4290 AB

286 4322 319 4376 17
340 4321 438 4377 fedore
460 4325 488 4378 A
591 4324 659 4378 fetor
681 4323 709 4376 A
812 4323 889 4393 pege]
907 4339 958 4392 pne
974 4324 1030 4378 AB
1132 4322 1418 4392 20un01fort.uiuo

285 4409 332 4465 aad
349 4426 396 4464 suo
500 4411 534 4465 27
551 4409 732 4465 laborarintua
749 4408 806 4463 AB
