3106 5250
340 444 402 511 196
846 442 979 496 Sedulii

341 634 416 698 liter
439 631 608 715 expediuit‚
632 631 758 695 Marcus
793 631 830 696 ut
852 632 900 696 leo
923 631 1082 697 mirabilis
1105 651 1159 714 per
1186 632 1306 698 deserta
1320 633 1474 698 nocifera·

341 739 393 801 tus
426 735 600 814 infremuit,
634 734 734 799 Lucas
768 735 954 801 sacerdotali
988 736 1148 820 religionis
1184 736 1305 801 exordio
1338 739 1475 820 sumpsit

339 840 582 904 similitudinem
611 842 647 904 de
676 837 825 917 iuuenco,
853 839 1007 905 Iohannes
1035 841 1157 922 aquilae
1185 840 1322 905 uolantis
1352 840 1474 921 impetn

264 980 269 991 ·
341 944 460 1007 caelum
490 942 577 1007 uerbi
607 942 773 1007 maiestate
801 943 989 1024 penetrauit.
1026 945 1173 1025 quattuor
1196 944 1251 1007 isti
1273 960 1412 1025 proceres
1439 961 1474 1006 ao

339 1064 505 1130 praecones
528 1063 591 1108 una
608 1045 640 1109 te
656 1063 731 1110 uoce
747 1049 892 1110 canentes
908 1062 963 1110 cen
980 1048 1121 1127 tempora
1136 1046 1268 1109 totidem
1283 1064 1336 1127 per
1352 1045 1472 1110 latissi·
1496 1069 1510 1107 5

338 1168 423 1213 mam
446 1150 543 1213 totius
566 1148 648 1213 orbis
664 1149 842 1231 spatiantur
857 1148 1004 1231 effigiem.
1028 1151 1073 1213 sio
1088 1149 1252 1232 apostolici
1270 1167 1390 1232 quoqne
1407 1146 1474 1211 cnl-

340 1254 435 1318 minis
449 1255 481 1317 et
501 1253 626 1317 honoris
645 1253 802 1319 duodenus
818 1271 896 1335 apex
911 1272 1033 1336 semper
1048 1252 1199 1335 effulgens
1221 1252 1360 1317 numeris
1382 1253 1473 1316 horas

338 1356 485 1421 imitatur
508 1359 537 1420 et
561 1374 695 1434 menses,
724 1360 759 1420 ut
782 1356 874 1422 rebus
897 1357 1041 1422 omnibus
1072 1357 1267 1441 congregatis
1291 1374 1391 1420 annus
1413 1354 1473 1419 tibi

339 1461 458 1525 militet
494 1459 669 1523 uniuersus.
708 1458 781 1524 hino
816 1461 913 1543 igitur
950 1460 1078 1525 uetusta
1112 1477 1288 1525 memorans
1326 1459 1474 1541 antiquae

339 1564 450 1630 mortis
483 1563 607 1628 exordia
641 1580 756 1628 nouam
784 1581 947 1646 properare
981 1564 1115 1629 delector
1147 1565 1186 1628 ad
1213 1566 1320 1642 uitam,
1359 1564 1396 1626 ut
1418 1560 1510 1643 quino

338 1666 430 1732 fletus
453 1667 677 1732 seminauimns
699 1667 733 1731 in
757 1667 860 1732 Adam
881 1668 1037 1733 laetitiam
1060 1668 1214 1733 metamus
1237 1668 1271 1731 in
1294 1667 1418 1734 Christo
1442 1668 1473 1730 et

340 1771 518 1835 Deuitioam
549 1790 724 1835 mereamur
747 1769 847 1835 dicere
877 1771 1080 1836 cantilenam:
1111 1773 1177 1855 qui
1206 1772 1411 1836 seminant
1434 1770 1472 1835 in

340 1872 523 1938 lacrimis
546 1874 585 1939 in
609 1874 752 1958 gaudio
771 1876 928 1938 metent.
952 1876 1090 1939 euntes
1112 1875 1227 1940 ibant
1250 1874 1287 1939 et
1309 1871 1471 1949 flebant,

341 1976 555 2043 mittentes
578 1976 731 2043 semina
752 1996 830 2043 sua.
860 1978 1073 2043 uenientes
1095 1979 1223 2043 autem
1246 1978 1411 2042 uenient
1433 1976 1472 2040 in

341 2080 621 2159 exsultatione,
644 2083 856 2163 portantes
879 2081 1103 2164 manipulos
1125 2099 1223 2146 snos.
1483 2105 1511 2144 15

444 2301 478 2355 12
497 2300 598 2358 marm.
617 2303 675 2369 125,
693 2304 718 2358 5.
736 2304 753 2355 e

393 2511 406 2564 1
432 2483 537 2564 ease
556 2513 634 2577 (core
652 2528 687 2565 m.
706 2512 727 2563 a
744 2526 779 2565 ee
798 2510 900 2577 cesara)
925 2510 959 2563 Η
1062 2482 1225 2563 sorrentu}
1243 2509 1271 2561 P
1370 2509 1387 2560 n
1409 2507 1473 2561 ren-

341 2603 415 2701 gi⁰nic
433 2631 475 2697 R,
511 2632 642 2701 religione
660 2632 695 2686 H
708 2632 774 2696 fort.
792 2631 967 2685 sacerdotalis
985 2630 1124 2700 religionis
1223 2631 1240 2683 5
1258 2632 1340 2683 nnete
1358 2630 1379 2683 1
1389 2621 1473 2695 Gon„

341 2716 418 2771 unite
437 2717 513 2780 Por„
549 2732 604 2770 nne
622 2718 650 2770 te
673 2716 728 2771 Col.
746 2717 829 2771 Areo.
916 2717 1057 2770 cantantes
1076 2716 1128 2770 Hc
1147 2714 1230 2781 (oflo.
1244 2717 1308 2780 359)
1395 2716 1470 2768 tor-

343 2804 384 2856 bis
403 2801 475 2870 RH,
511 2802 586 2856 urbis
604 2802 632 2857 P
715 2805 880 2871 sparguntur
896 2803 947 2856 Hc
1041 2802 1111 2869 let]
1129 2817 1186 2855 ras.
1204 2802 1236 2854 in
1252 2801 1297 2866 H,
1317 2815 1403 2855 occo

342 2895 601 2992 duodenui¹³'30npor
618 2924 647 2979 H
738 2895 923 2993 oepox'emper
941 2924 976 2977 H
990 2938 1060 2977 corr.
1073 2924 1140 2976 Μ
1232 2920 1404 2990 refulgente

341 3010 459 3063 numeris
482 3010 524 3079 (ic
547 3025 635 3079 marg.
656 3009 721 3064 acici.
739 3026 774 3063 m.
793 3012 823 3077 2)
850 3009 885 3063 H
985 3007 1207 3077 Scongregetus
1233 3007 1269 3061 H
1368 3008 1472 3061 9ηηί-

340 3114 427 3168 uersis
451 3113 483 3167 H
583 3113 676 3182 Igitur
699 3113 763 3167 hinc
786 3113 838 3168 Ho
943 3111 976 3165 10
999 3110 1103 3165 exordio
1127 3110 1155 3165 P
1255 3097 1354 3179 pprare
1378 3111 1406 3164 P

343 3237 376 3290 12
403 3235 535 3290 danitioae
563 3237 593 3288 H
695 3207 810 3288 seminat
840 3238 868 3293 (n
891 3249 910 3287 a
932 3249 967 3286 m.
990 3232 1019 3297 2)
1046 3232 1082 3285 H
1191 3231 1223 3285 13
1249 3231 1346 3286 hibent
1372 3232 1407 3285 H

342 3322 376 3376 14
393 3321 549 3374 mittenttes
566 3321 593 3375 P
697 3321 970 3389 15su0s1nxmcrr
987 3333 1072 3373 nnnnn
1090 3333 1197 3372 nnmvs
1215 3318 1243 3372 P
1342 3333 1473 3373 nxnmom

341 3422 426 3461 nmen
443 3421 561 3462 eamve.
587 3421 737 3462 mornrvnn
755 3418 895 3460 emenone
913 3418 1033 3459 snovnm
1051 3403 1091 3468 R,
1119 3418 1170 3458 om.
1188 3403 1232 3467 H,
1269 3402 1387 3471 Explicit
1403 3403 1472 3457 liber

341 3493 443 3561 primns
461 3509 522 3548 eum
540 3493 666 3562 capitulis
684 3493 784 3547 ueteris
800 3489 957 3545 testamenti
974 3506 990 3544 o
