3106 5250
540 432 691 487 Paschal.
710 432 828 501 Operis
848 432 917 486 Lib.
937 432 960 487 1.
1256 437 1317 503 183

188 626 351 691 uidebatur
375 627 492 699 ardere,
522 623 609 687 cuius
632 623 778 689 materies
801 644 857 690 nec
879 622 1034 689 incendiis
1057 622 1208 688 alimenta
1225 642 1315 707 prae-

189 728 295 794 stabat
318 747 374 792 neo
398 726 580 792 circumfusi
605 728 715 792 caloris
737 727 809 812 igne
833 731 976 810 correpta
999 727 1195 791 detrimentis
1214 728 1316 791 exusti

186 833 305 898 roboris
338 831 529 896 subiacebat.
565 831 612 895 ita
642 829 742 895 diuini
766 831 885 897 fomitis
909 830 1140 912 temperabatur
1162 831 1315 909 adtactus,

186 939 222 999 ut
238 934 419 1001 blandiente
435 935 531 999 ramis
549 934 764 1000 aestuantibus
786 935 915 999 flamma
938 934 1085 1015 splendor
1106 936 1137 999 in
1154 933 1316 999 frondibus

166 1039 363 1102 coemeretur
385 1055 451 1102 esse
474 1056 537 1101 uon
559 1054 667 1118 poena.

226 1157 315 1222 Mitis
338 1157 445 1240 uirgae
467 1158 583 1221 natura
604 1156 778 1221 tractabilis
802 1157 834 1222 in
857 1157 1002 1222 inmitem
1025 1162 1056 1222 et
1079 1158 1344 1227 intractabilemd

185 1264 310 1325 mutata
331 1264 381 1325 est
403 1263 587 1325 draconem:
612 1278 691 1343 quae
712 1261 853 1341 uipereos
875 1262 979 1326 motus
1002 1264 1068 1325 tam
1092 1262 1216 1327 sinuoso
1236 1262 1315 1327 flexa

184 1364 343 1427 uolumine
370 1382 463 1445 quam
486 1364 631 1429 trisulcae
661 1363 812 1429 uibrando
835 1365 958 1447 linguas
988 1383 1142 1443 exercens,
1172 1365 1314 1449 geminos

185 1467 329 1532 inimicae
365 1467 484 1531 fraudis
518 1485 633 1549 angues
668 1467 828 1533 absorbuit
861 1472 954 1551 atque
988 1470 1145 1551 propriam
1181 1468 1315 1553 uirgulti

152 1571 318 1653 especiem
342 1570 443 1653 rigida
465 1590 573 1635 rursus
597 1572 770 1636 mutatione
794 1573 939 1655 suscepit.

226 1693 288 1756 Per
310 1691 413 1756 media
435 1692 565 1757 marinis
588 1692 737 1758 fiuctibus
759 1692 915 1775 profunda
943 1692 1077 1759 latentia
1106 1692 1256 1757 reuolutis
1278 1692 1344 1761 int

184 1792 347 1875 geminum
380 1794 463 1860 latus
487 1796 579 1859 undis
603 1797 635 1859 et
658 1814 809 1877 aequorea
831 1795 983 1860 diuinitus
1006 1796 1220 1860 aedificatione
1243 1814 1311 1863 sus-

184 1897 288 1977 pensis
311 1897 465 1977 pedestris
481 1899 574 1963 turba
588 1897 746 1962 transisit.
764 1899 857 1962 stetit
872 1899 1008 1980 undique
1022 1903 1138 1980 pontus
1153 1902 1190 1962 ut
1205 1918 1313 1963 murus

184 2002 216 2064 et
244 2001 368 2083 cognati
395 2000 529 2084 gurgitis
560 2002 692 2083 spoliata
715 2001 869 2067 uelamine
899 2003 993 2066 tellus
1022 2003 1195 2083 permansit
1218 2004 1313 2089 nuda,

150 2102 281 2166 1⁵douec
309 2105 441 2185 populus
464 2102 573 2186 pelago
596 2104 741 2187 gradiens
771 2104 900 2169 absente
931 2125 986 2186 per
1013 2106 1142 2188 pelagus
1171 2108 1314 2190 uestigiis

184 2206 342 2287 hospitam
364 2206 535 2289 peregrinis
558 2225 690 2288 aquosae
711 2208 797 2271 uiam
821 2210 961 2289 carperet
984 2208 1146 2278 siccitatis.
1174 2210 1312 2275 mutauit

184 2312 295 2373 natura
328 2309 473 2373 semitam
514 2309 599 2374 iussa
642 2311 806 2391 paululum
846 2312 982 2376 relaxare
1021 2312 1244 2393 constantiam,
1282 2316 1313 2375 et

183 2411 346 2475 innumera
380 2412 493 2476 lubrici
525 2412 601 2478 salis
644 2433 768 2497 campos
802 2416 975 2480 multitudo
1010 2416 1203 2498 transgressa
1235 2416 1313 2481 rude

183 2514 387 2595 baptismatis
409 2516 595 2598 mysterium
618 2517 782 2581 nesciendo
804 2517 961 2596 cernebat,
986 2536 1063 2598 quae
1085 2537 1139 2600 per
1160 2536 1311 2599 aquarum

148 2617 265 2684 scireta
286 2618 421 2683 salubria
447 2619 522 2684 duce
545 2618 672 2684 Christo
701 2620 904 2686 transiuerat.
933 2620 979 2685 ita
1007 2620 1139 2702 denique
1162 2621 1313 2702 propheta

184 2720 368 2786 cecinitilla
383 2722 577 2805 significans:
601 2742 672 2788 uox
690 2723 849 2788 Domini
871 2742 986 2806 super
1010 2743 1131 2805 aquas
1155 2725 1311 2791 multas.

183 2842 291 2889 uocem
313 2825 412 2907 igitur
434 2827 564 2891 uerbum
589 2827 651 2892 dici
673 2829 742 2909 quis
765 2827 913 2893 dubitat?
935 2830 1066 2894 uerbum
1085 2829 1183 2910 patris
1207 2829 1312 2893 autem

284 2978 316 3030 21
336 2979 369 3030 cf.
388 2978 488 3034 Psalm.
506 2980 547 3045 28,
566 2980 583 3032 3

233 3113 436 3167 aureumfursr
453 3114 517 3169 ren
609 3116 673 3169 eae
691 3117 779 3169 tactus
798 3117 878 3172 nne
973 3085 1096 3204 aramis
1114 3121 1149 3173 H
1237 3122 1313 3175 usm-

182 3231 240 3267 inas
259 3220 281 3279 (s
300 3222 379 3281 eros.)
398 3218 429 3278 P,
459 3218 580 3271 flammas
598 3219 638 3285 R,
668 3219 777 3272 flamina
795 3221 863 3274 Par.
961 3222 1094 3275 frontibus
1113 3223 1144 3276 H
1242 3227 1313 3279 eon

182 3316 271 3355 umes
292 3317 380 3356 morer
404 3318 438 3355 mr
461 3307 607 3359 esnensis
624 3320 717 3359 vuaso
739 3305 779 3370 R,
815 3322 851 3359 nn
874 3321 964 3361 ursos
986 3323 1020 3361 111
1042 3322 1197 3363 unisonum
1220 3325 1314 3365 vnnss

182 3402 246 3445 sno:
268 3403 301 3441 111
326 3405 357 3441 sn
380 3403 511 3443 nsvnnss
534 3390 576 3454 H,
604 3391 637 3443 de
663 3391 742 3458 uirga
769 3391 888 3446 eiusdem
911 3394 996 3461 moysi
1019 3394 1048 3445 in
1072 3394 1211 3449 draconem
1234 3412 1314 3450 uerso

182 3477 263 3541 atque
281 3475 309 3527 in
328 3491 355 3528 se
373 3491 518 3530 reuersae
621 3478 744 3530 inmitem
768 3478 812 3542 H,
847 3478 980 3532 immitem
1005 3479 1057 3533 PR
1161 3481 1228 3534 lin
1251 3483 1312 3535 dra·

182 3592 271 3629 eonem
291 3578 325 3630 H
417 3594 467 3646 que
486 3581 517 3645 P,
554 3585 605 3648 que
622 3582 658 3647 R,
694 3598 747 3650 qua
764 3582 812 3636 Hc
918 3572 1014 3637 sinuo⁸⁰
1032 3584 1060 3637 P
1154 3583 1218 3637 flers
1235 3584 1312 3639 uolu-

181 3680 251 3763 mina
270 3680 309 3747 H,
340 3680 408 3734 flexu
426 3682 597 3739 uoluminao
701 3686 735 3739 10
753 3659 864 3772 spoliem
882 3687 910 3739 P
924 3690 1071 3740 corr.m.2
1162 3686 1313 3741 motatione

181 3783 215 3836 H
316 3786 346 3838 11
370 3801 407 3838 nn
429 3800 576 3841 divisionis
597 3789 745 3855 resarcit,
780 3805 817 3842 nn
836 3804 948 3843 srccsno
968 3804 1043 3844 mser
1061 3803 1169 3846 rorvno
1187 3803 1315 3843 rsnsnnn

181 3904 225 3967 Η,
262 3904 294 3957 de
318 3904 462 3959 siccatione
483 3908 564 3960 maris
587 3908 683 3976 populo
707 3908 791 3962 Israel
813 3924 830 3963 c
933 3909 966 3962 12
993 3874 1072 3978 gellii
1095 3910 1123 3963 P
1143 3924 1212 3963 corr.
1232 3924 1266 3962 m.
1282 3911 1313 3975 2,

181 3997 330 4091 ingenitum
349 4024 384 4077 H
398 4040 468 4079 corr.
487 4028 553 4080 oca
651 4027 701 4080 lati
719 4027 754 4080 H
848 3994 1021 4083 aedificalone
1038 4029 1071 4082 H
1086 4044 1156 4082 corr·
1175 4045 1209 4082 cr.
1227 4032 1243 4082 1

181 4144 214 4196 14
238 4117 310 4229 illido
332 4144 364 4211 P,
401 4143 470 4197 nudo
493 4144 527 4197 H
629 4147 661 4200 15
679 4147 802 4201 abssente
819 4148 854 4200 H
953 4148 1063 4217 pelagos
1080 4148 1115 4202 H
1215 4147 1246 4200 17
1264 4162 1313 4200 no-

180 4250 269 4349 turam
287 4264 321 4317 H
406 4265 440 4319 18
457 4266 529 4335 salis]
544 4266 656 4320 iseros
675 4267 703 4319 P
785 4266 818 4320 19
836 4268 956 4322 misterio
974 4268 1010 4322 H
1086 4270 1120 4322 22
1136 4267 1254 4323 cernebat
1272 4266 1312 4331 H,

180 4369 290 4436 gerebat
307 4384 324 4422 o
427 4371 512 4437 patris
530 4385 579 4425 oca.
599 4385 615 4424 o
713 4373 800 4423 autern
821 4371 906 4439 patris
924 4372 952 4427 R
