3106 5250
285 464 351 531 340
504 529 508 542 Ι
760 460 943 528 Appendix.

150 680 172 711 ι.
185 656 448 731 rra-mmeritis,
473 656 540 729 quia
563 655 680 729 dignum
696 658 768 733 erat,
785 658 818 713 ut
840 654 995 714 inmundus
1010 655 1145 712 mundum
1161 656 1285 728 peteret.
1309 654 1436 715 Oletnm

287 762 317 819 et
339 759 446 819 olidum
469 759 543 818 idem
567 762 612 817 est
634 764 664 817 et
687 763 756 817 sunt
778 762 828 817 ton
844 774 953 836 meson,
977 759 1053 817 unde
1071 774 1184 831 semper·
1199 760 1288 830 egent
1305 758 1436 832 epithe-

285 868 336 922 ton
370 863 397 919 ·i·
431 862 571 920 adiectiuo
602 860 726 923 nomine.
770 861 986 935 Phalanges
1021 862 1048 919 ·i·
1083 860 1286 920 multitudines
1317 865 1352 919 et
1387 866 1438 922 est

286 966 387 1039 lingua
419 966 576 1038 Medorum,
607 966 680 1038 quod
709 966 830 1024 dicimus
864 964 1002 1038 legiones,
1049 964 1211 1023 Horrens
1245 965 1272 1021 ·i·
1308 968 1435 1037 terune,

286 1068 450 1139 horribilis3
474 1069 531 1127 tria
553 1072 621 1127 snut
644 1068 774 1143 epitheta
797 1070 860 1129 siue
882 1068 1094 1140 coniunctione,
1118 1085 1191 1142 qnae
1213 1068 1311 1142 figura
1337 1087 1434 1128 uoca-
1460 1086 1475 1125 s

285 1176 333 1231 tur
357 1171 521 1245 asyndetcs.
560 1173 643 1230 Sine
666 1188 749 1243 usu,
774 1172 801 1229 ·i·
824 1172 888 1231 sine
910 1172 1012 1231 officio.
1052 1174 1119 1231 Cum
1150 1174 1220 1231 dicit
1249 1173 1437 1233 resoluta

287 1274 424 1348 ostendit,
455 1276 523 1347 quid
553 1276 593 1333 sit
621 1275 765 1348 paralisis.
803 1275 891 1347 Lisia,
925 1275 1050 1346 solutio;
1084 1276 1229 1349 paralisis,
1268 1276 1434 1350 resolutio,

285 1377 354 1437 inde
377 1376 547 1451 paraliticus
570 1394 622 1451 per
640 1394 693 1436 sua
715 1378 845 1437 membra
870 1379 1026 1438 resolutus
1074 1378 1235 1437 Vincula
1256 1380 1286 1436 ·i·
1304 1396 1434 1453 compa·

285 1480 457 1555 ginationes.
495 1480 586 1539 Nerui
616 1484 686 1540 sunt
719 1480 838 1539 uincula
872 1482 1010 1555 corporis,
1042 1499 1104 1540 cnm
1138 1500 1204 1541 uero
1233 1481 1436 1543 resoluuntur

285 1584 381 1643 laxum
414 1587 444 1642 at
478 1582 616 1643 flunidum
650 1582 774 1641 reddunt
806 1600 919 1657 corpus.
975 1584 1086 1643 Malis
1120 1604 1154 1645 ·s·
1187 1586 1430 1648 infirmitatibus.
1448 1607 1475 1645 re

286 1686 417 1759 Quinque
439 1686 532 1746 modis
554 1688 639 1745 datur
662 1686 830 1746 infirmitas:
854 1688 944 1759 primo
960 1690 1077 1761 propter
1092 1688 1214 1761 gloriam
1230 1690 1287 1763 dei,
1306 1694 1342 1748 nt
1360 1689 1433 1749 lau·

286 1790 370 1848 datm·
392 1791 462 1850 deus
485 1790 561 1848 sicut
583 1790 613 1847 in
636 1789 744 1849 Lazaro
768 1793 797 1848 et
813 1790 843 1847 in
858 1807 943 1849 caeco
960 1792 1050 1860 nato;
1067 1791 1189 1849 secundo
1205 1792 1241 1850 ad
1258 1793 1432 1853 custodiam

286 1893 426 1951 uirtutum
460 1892 536 1951 sicut
558 1892 656 1961 Panlo,
693 1910 729 1951 ne
763 1891 946 1952 insolesceret
976 1897 1059 1952 tanta
1082 1893 1296 1967 magnitudine3
1332 1898 1432 1956 tertio

286 1997 321 2055 ad
347 2000 500 2068 augmenta
522 1996 662 2054 uirtutum
686 1996 764 2053 sicut
786 1996 895 2055 Tobiae
918 2002 948 2053 et
970 1996 1029 2067 Iob,
1058 1999 1108 2070 qui
1128 1999 1274 2070 patienter
1290 1996 1431 2059 ferentes

286 2098 484 2158 infirmitatem
506 2100 667 2158 sanctiores
691 2098 822 2171 fuerunt3
848 2103 951 2172 quarto
978 2104 1094 2173 propter
1118 2104 1237 2174 peccata
1258 2103 1337 2161 sicut
1355 2103 1469 2165 hnicrs

285 2202 453 2275 paralitico;
483 2204 602 2276 quintus
631 2204 732 2262 modus
756 2206 801 2261 est
828 2206 1023 2277 reproborum,
1048 2205 1096 2277 qui
1119 2204 1165 2261 hic
1188 2205 1252 2263 ideo
1275 2206 1431 2278 incipiunt

285 2306 422 2379 torqueri,
453 2307 486 2364 ut
506 2323 559 2379 per
581 2306 652 2365 haec
678 2308 822 2365 tormenta
852 2306 973 2365 ueniant
995 2306 1031 2364 ad
1057 2310 1174 2365 aeterna
1197 2308 1272 2365 sicut
1295 2309 1429 2382 contigit

285 2408 393 2467 Herodi
417 2412 446 2467 et
468 2408 620 2467 Antiocho.
666 2407 779 2467 Grata
802 2410 967 2467 mercede
990 2411 1016 2468 ·i·
1042 2410 1161 2489 uicaria,
1188 2411 1254 2482 quia
1283 2409 1383 2485 illum,
1410 2430 1428 2469 a

286 2527 341 2585 quo
370 2514 500 2584 portatus
529 2512 636 2583 fuerat,
668 2512 812 2584 portabat.
852 2512 932 2571 Haec
959 2513 1127 2571 dictasunt
1149 2530 1201 2586 per
1223 2513 1425 2585 periphrasin.

286 2614 424 2673 clauso
447 2614 475 2671 .i·
498 2615 608 2673 ultimo.
654 2613 796 2673 Puncta
817 2632 869 2688 pro
893 2615 1039 2675 defuncta.
1085 2616 1248 2674 Adultae
1273 2618 1300 2674 d·
1320 2634 1464 2677 exere-so

285 2724 342 2789 tae,
366 2719 434 2790 qnia
457 2718 593 2776 duodenis
618 2720 691 2791 erat,
719 2717 807 2789 digna
829 2720 888 2776 iam
910 2720 1051 2792 coningio.
1091 2720 1174 2793 Spem
1197 2720 1276 2790 dicit,
1301 2718 1373 2791 quia
1391 2722 1425 2778 in

285 2818 338 2878 illa
360 2821 422 2877 orat
445 2837 512 2892 spes
537 2820 727 2893 posteritatis.
772 2822 914 2880 Funera
936 2822 963 2879 i·
990 2823 1120 2883 cadauer.
1166 2823 1424 2881 Inundantem

286 2922 314 2979 .i·
348 2920 495 2994 profluum,
537 2922 650 2980 nomine
686 2938 850 2983 emomeusa
884 2922 909 2981 l·
944 2924 1112 2996 sanguinem
1150 2926 1294 2984 liuentem.
1347 2926 1423 2986 Ema

286 3040 389 3099 graece
422 3024 551 3097 sanguis,
585 3042 653 3084 rouo
684 3028 711 3085 ·i·
740 3028 838 3085 refluo.
883 3026 1005 3085 Pilum
1035 3032 1120 3088 uocat
1154 3029 1292 3088 fimbriam
1325 3032 1420 3088 uesti-

285 3127 374 3185 menti
404 3125 522 3188 (lhristi.
560 3128 622 3187 ldos
645 3131 708 3189 erat
731 3131 806 3202 apud
836 3129 941 3189 Iudeos
965 3134 995 3188 ut
1025 3131 1055 3187 in
1085 3131 1164 3189 -IIlL
1194 3131 1309 3203 angulis
1333 3132 1421 3204 pallii
1431 3155 1460 3195 sa

284 3230 335 3289 fila
349 3234 490 3304 ponerent
504 3232 640 3303 iacintiri,
665 3235 697 3290 nt
716 3249 765 3304 per
782 3234 851 3291 haec
867 3234 1102 3292 discernerentur
1117 3251 1134 3291 a
1150 3235 1252 3292 ceteris
1268 3234 1419 3306 gentibus

285 3333 480 3405 Lugentia.
514 3334 704 3407 Metonymice
722 3337 790 3392 sunt
803 3336 940 3407 lugentia.
979 3334 1147 3394 culmina
1169 3337 1302 3395 moesti
1321 3339 1418 3396 tecti

286 3439 315 3495 .i·
339 3437 487 3494 deflentem
510 3439 632 3510 domum,
656 3439 685 3495 in
708 3456 765 3511 qna
783 3441 867 3496 erant
890 3439 1037 3512 deflentes,
1061 3456 1113 3512 per
1136 3440 1166 3497 id
1188 3441 1261 3515 quod
1285 3440 1420 3499 continet

285 3544 315 3599 et
347 3538 376 3598 id
409 3540 484 3613 qnod
512 3542 685 3601 continetur.
731 3542 898 3602 Moriens
927 3559 978 3615 pro
1008 3544 1129 3603 mortua.
1175 3542 1360 3616 Trepidue
1390 3544 1418 3601 ·i·

285 3641 399 3703 dubins.
437 3641 559 3701 Vlulans
581 3650 634 3703 ton
656 3660 755 3703 meson
784 3646 839 3705 est.
878 3644 1014 3704 Vlulatus
1044 3646 1149 3703 dicitur
1171 3648 1313 3704 exercitus
1335 3646 1458 3706 inse-ao

285 3762 377 3819 quens
406 3747 435 3804 et
457 3746 598 3804 exercitus
627 3746 751 3821 fugiens.
796 3748 986 3806 Funereos
1010 3749 1036 3806 i·
1062 3748 1157 3807 funeri
1188 3751 1271 3822 aptos
1294 3749 1321 3806 i·
1344 3750 1419 3808 tibia

286 3851 432 3909 sonantes.
470 3850 522 3910 Vis
545 3852 588 3908 est
611 3854 738 3910 musicae
761 3853 844 3922 artis,
868 3853 900 3908 ut
922 3852 1079 3923 gaudentes
1095 3852 1159 3924 plus
1182 3854 1305 3923 gaudere
1328 3852 1420 3912 faciat

286 3954 315 4011 et
350 3952 478 4013 dolentes
512 3954 577 4026 plus
612 3954 717 4014 dolere.
762 3953 929 4028 Plaugor
957 3954 985 4011 ·i·
1021 3953 1126 4015 luctus.
1174 3955 1358 4028 Frequens
1389 3958 1417 4015 ·i·

285 4072 415 4129 magnus.
461 4056 610 4129 Vereis,
641 4058 739 4116 subest
762 4055 913 4116 cantilenis
937 4056 963 4113 ·i·
986 4056 1035 4129 qui
1061 4059 1142 4130 prius
1165 4059 1350 4132 ploraoerunt
1365 4075 1420 4131 per

336 4221 353 4274 2
380 4224 488 4288 epteton
514 4224 543 4275 A
661 4224 679 4277 4
704 4224 770 4289 sort.
798 4239 845 4276 nos
872 4223 985 4277 dicimus
1113 4225 1129 4277 6
1157 4224 1292 4278 asinthaos
1318 4226 1346 4278 A

285 4304 300 4359 7
327 4307 457 4374 paralisin
484 4322 554 4362 corr.
582 4309 613 4362 a'a
641 4310 693 4362 -sis
719 4310 747 4362 A
885 4309 918 4362 13
944 4314 1050 4361 tantam
1077 4310 1291 4378 magnitudinem
1317 4314 1344 4363 A
1384 4322 1403 4367 ι’·

285 4393 319 4445 14
337 4391 431 4445 thobie
447 4395 474 4445 A
577 4394 611 4447 23
629 4402 701 4448 eruat
717 4398 745 4448 A
848 4394 881 4449 27
899 4396 1059 4448 metonomia
1078 4397 1104 4448 A
