3106 5250
531 414 681 483 Remigii
704 414 878 483 expositio.
1207 415 1269 479 343

146 607 310 680 epexegesis
341 624 412 680 quae
441 606 484 678 iit,
519 610 633 681 quando
663 626 722 667 una
750 626 797 667 res
821 609 888 667 aliis
918 606 1014 667 uerbis
1044 607 1089 667 bis
1120 607 1270 680 repetitur.

146 712 372 784 Sportarum.
397 710 500 780 Sporta
523 712 569 769 est
591 727 643 768 uas
666 727 701 769 on
719 710 798 769 foliis
814 710 973 784 palmarum
991 713 1163 770 contextum.
1199 711 1301 768 Poe-v.
1316 724 1422 765 aro—aso

146 814 202 872 tice
232 814 305 871 dixit
335 816 484 885 expauisse
515 813 606 886 ipsam
628 812 742 885 famem,
765 829 888 872 messem
911 814 996 871 uocat
1019 813 1100 884 ipsas
1123 813 1271 885 reliquiae.

145 918 320 977 Lichnus.
355 917 483 977 Lichnus
510 933 621 988 graece,
650 916 740 975 latine
774 916 898 975 lucerna.
946 915 1272 974 Ola1·umcommunis

124 1022 239 1094 sfigura
268 1023 323 1094 est,
353 1036 426 1092 quae
456 1035 559 1091 graece
588 1018 692 1077 dicitur
719 1016 837 1079 κοινοῦ.
882 1020 1056 1092 IgnotoS,
1087 1018 1154 1091 quia
1185 1020 1273 1077 antea

145 1142 193 1183 eos
223 1141 279 1181 uon
308 1122 450 1181 uiderunt.
494 1121 582 1179 Alia
603 1122 695 1195 prima
718 1122 818 1181 littera
839 1126 883 1180 est
907 1122 1088 1194 Graecorum,
1112 1142 1138 1181 ro
1160 1120 1271 1179 ultima.

145 1226 278 1286 Euechos
301 1223 372 1284 licet
394 1226 496 1298 postea
518 1225 567 1296 sit,
590 1242 648 1285 non
671 1229 717 1285 est
738 1226 839 1286 littera
858 1228 909 1285 scd
925 1228 1075 1285 character
1099 1224 1219 1297 numeri,
1245 1226 1273 1283 ot

145 1349 196 1405 per
221 1330 294 1388 haec
318 1329 498 1401 significatur·
528 1324 606 1385 ‘dous
635 1329 752 1388 initium
782 1332 811 1388 et
842 1326 929 1399 finis',
958 1330 1032 1388 sicut
1059 1330 1121 1403 ipse
1152 1328 1222 1387 dicit
1244 1327 1274 1384 in

146 1433 327 1509 apocalypsi:
361 1432 423 1506 Ilgo
447 1450 510 1491 sum
540 1431 651 1491 alfaei
683 1452 720 1507 ω,
749 1435 859 1507 primus
888 1438 916 1493 et
938 1434 1124 1496 nouissimus.
1169 1431 1274 1491 Prin-

112 1537 280 1609 rocipium
310 1534 485 1608 intelligitur
515 1536 647 1594 Christus
676 1553 730 1610 per
758 1538 886 1610 Moysen,
916 1536 965 1608 qui
998 1539 1030 1596 in
1057 1536 1146 1595 tertia
1174 1534 1274 1594 mnndi

147 1639 242 1699 aetate
264 1638 331 1717 fuit,
355 1637 422 1696 finis
445 1655 496 1711 per
518 1638 643 1709 Heliam,
667 1640 715 1712 qui
739 1640 771 1721 in
795 1640 896 1713 quinta
918 1642 1013 1698 aetate
1034 1640 1091 1699 fuit
1114 1657 1201 1713 prope
1217 1641 1275 1697 ianr

147 1745 268 1817 sextam,
292 1743 321 1801 et
353 1741 446 1800 adhuc
474 1740 549 1799 uiuit
580 1741 626 1801 uel
656 1743 733 1801 inter
755 1742 870 1801 Heliam
894 1745 922 1800 et
943 1743 1062 1817 Moysen
1091 1745 1183 1816 stetit,
1207 1740 1276 1813 quia

147 1846 211 1919 ipse
239 1845 357 1904 initium
379 1845 408 1903 et
431 1843 498 1902 finis
520 1843 700 1918 prophetiae.
744 1845 889 1904 Limine
914 1846 1016 1903 uitae
1040 1846 1066 1903 ·i·
1089 1846 1118 1904 in
1142 1844 1276 1917 ingressu

147 1949 230 2021 quasi
260 1949 290 2006 in
319 1949 393 2007 ostio
422 1948 641 2006 resurrectionis
671 1950 763 2018 stans,
799 1950 866 2022 quia
899 1950 955 2006 iam
990 1949 1092 2006 ultima
1122 1946 1276 2006 aduenerat

110 2076 135 2115 15
148 2054 238 2123 aetas,
270 2053 299 2109 in
328 2069 385 2124 qua
406 2052 493 2110 electi
515 2054 698 2125 resurgentes
722 2052 758 2108 ad
780 2053 869 2110 uitam
893 2054 1040 2111 aeternam
1063 2054 1144 2109 erant
1167 2048 1274 2107 transi·

147 2155 215 2215 turi.
261 2153 440 2212 Deiectus
474 2151 625 2214 lumina.
661 2154 801 2226 Figurata
834 2155 939 2213 locutio
969 2154 995 2212 ·i·
1024 2153 1133 2213 deiecta
1167 2152 1277 2211 lumina

148 2258 269 2327 habens,
299 2256 328 2313 in
360 2254 518 2313 deiectione
550 2255 694 2314 oculorum
718 2257 778 2314 eius
802 2256 952 2315 humilitas
976 2255 1150 2314 ostenditur.
1196 2253 1275 2311 Tri-

148 2341 276 2418 butum
299 2359 326 2418 ·i·
348 2357 476 2430 uectigal
495 2359 524 2415 et
540 2359 645 2417 dicitur
668 2377 685 2417 a
707 2359 846 2418 uehendo.
881 2359 969 2417 Totus
992 2359 1115 2417 mundus
1138 2357 1276 2415 reddebat

149 2478 264 2519 censum
288 2460 402 2519 Caesari
422 2460 448 2517 ·i·
467 2461 502 2519 V.
527 2480 601 2520 anno
624 2480 710 2521 unum
733 2481 878 2521 nummum
901 2479 1028 2521 aureum.
1062 2462 1118 2521 Per
1141 2461 1213 2520 alios
1232 2459 1276 2516 ·V·

114 2582 236 2627 acanum
265 2566 432 2636 argenteum
462 2567 491 2622 et
513 2581 564 2637 per
586 2565 659 2623 alios
681 2582 810 2635 ae1·eum;
841 2567 886 2622 ter
909 2564 988 2638 quini
1011 2564 1079 2623 ·XV·
1104 2565 1134 2621 ot
1155 2563 1210 2622 hoc
1232 2565 1277 2621 est

149 2666 290 2726 indictum
312 2666 359 2725 uel
382 2667 511 2728 indictio.
553 2666 722 2727 Gerulum
745 2670 771 2727 ·i·
794 2668 972 2742 portitorem,
1004 2669 1111 2742 piscem
1140 2667 1277 2725 uidelicet

150 2771 198 2844 qui
221 2771 349 2829 habebat
370 2771 401 2829 in
425 2789 472 2830 ore
496 2772 634 2831 staterem
657 2772 682 2829 ·i·
707 2774 761 2831 duo
785 2772 947 2846 dragmata.
982 2771 1110 2843 Dragma
1126 2772 1170 2829 est
1186 2786 1277 2843 genus

150 2874 268 2946 nummi,
292 2873 366 2946 quod
385 2875 522 2948 appendit
545 2873 587 2930 ·X·
612 2875 757 2946 denariae,
781 2875 849 2932 hine
864 2876 969 2933 dicitur
985 2876 1067 2948 quasi
1084 2875 1193 2932 decima
1208 2890 1277 2947 pars

150 2975 307 3047 dragmatis
336 2976 385 3049 sit,
416 2977 536 3049 dragma
564 2994 631 3034 uero
661 2977 747 3035 aliter
777 2979 822 3035 ost
851 2979 905 3036 duo
929 2978 1038 3037 denarii
1062 2982 1091 3035 et
1118 2977 1277 3036 dimidium·

116 3100 141 3139 as
149 3077 230 3136 Idem
252 3079 298 3135 est
321 3078 350 3135 et
364 3080 467 3151 stater,
490 3080 640 3151 praeterea
656 3080 764 3137 statera
780 3079 884 3138 dicitur
899 3081 949 3138 ubi
965 3080 1074 3153 aliquid
1090 3080 1275 3154 ponderatur.

150 3182 244 3239 Aliter
266 3180 390 3255 dragma
412 3182 518 3240 dicitur
532 3197 644 3255 graece,
668 3182 758 3241 latine
774 3182 888 3254 fabula3
905 3182 972 3241 inde
989 3183 1197 3256 dragmaticum
1213 3197 1276 3239 car-

150 3301 214 3342 men
247 3284 353 3342 dicitur
386 3284 556 3345 fabulosum.
601 3282 720 3343 Aulae
744 3284 770 3341 ·i·
792 3284 821 3342 in
853 3285 920 3344 aula
943 3285 969 3342 ·i·
991 3285 1021 3343 in
1044 3285 1163 3358 palatio.
1201 3285 1277 3343 Aula

152 3386 229 3444 dicta
260 3388 304 3444 ost
332 3388 367 3444 ab
396 3386 503 3444 aulaeis
526 3386 552 3442 ·i·
576 3388 704 3445 cortinis.
739 3386 792 3444 Est
820 3388 915 3446 autem
946 3388 1012 3446 aula
1038 3390 1138 3447 domus
1159 3387 1277 3460 regalis.

151 3487 228 3547 Non
252 3488 374 3560 annis,
398 3490 466 3562 quia
489 3506 548 3547 non
571 3506 734 3561 possumus,
758 3489 834 3548 sicat
857 3492 1004 3564 apostolus
1030 3486 1138 3550 ‘Estote
1161 3490 1275 3565 paruuli

115 3590 271 3665 romalitia,
296 3607 384 3650 sensu
406 3592 502 3650 autem
518 3586 658 3664 porfecti’.
703 3591 777 3651 Nec
798 3592 978 3665 resupina
993 3597 1021 3653 ·i·
1043 3595 1178 3667 superba,
1194 3611 1276 3653 resu-

149 3692 232 3766 pinos
262 3692 384 3752 dicimus
416 3694 566 3771 superbos,
600 3694 649 3767 qui
680 3693 808 3767 resupini
837 3697 866 3752 et
895 3696 982 3754 erecti
1012 3696 1106 3754 solent
1136 3695 1276 3755 incedere.

253 3918 269 3971 8
291 3918 372 3986 Apoc.
393 3920 417 3982 1,
435 3920 452 3971 8
555 3920 588 3973 29
611 3919 626 3974 I
644 3920 704 3973 Cor.
724 3921 763 3985 14,
782 3920 817 3973 20

203 4117 346 4203 1repetii
364 4135 391 4185 n
493 4134 648 4187 arcear
670 4134 698 4186 A
801 4134 999 4204 aapoeelipsis
1021 4136 1049 4189 A
1153 4137 1184 4188 11
1209 4114 1278 4187 'tiu

150 4219 179 4271 A
283 4218 315 4270 12
336 4217 401 4270 fecit
419 4217 467 4284 A1,
497 4234 566 4271 corr.
585 4222 663 4272 stetit
680 4223 751 4273 m.2
