3106 5250
236 417 298 483 112
730 412 865 467 Sedulii

234 606 368 673 uiserem
394 604 562 671 tarditatis.
594 604 749 687 siquidem
782 606 884 670 multa
906 623 961 687 pro
985 604 1132 669 metricae
1162 603 1359 669 necessitatis

236 709 382 791 angustia
405 709 502 791 priori
526 709 747 774 commentario
763 726 959 791 nequaquam
975 708 1122 773 uidentur
1137 708 1266 785 inserta,
1283 726 1361 790 quae

135 880 140 887 ,
233 814 433 895 postmodum
460 812 585 896 linguas
613 813 760 877 resolutio
789 812 890 896 magis
919 815 967 876 est
993 811 1149 897 adsecuta,
1184 811 1360 876 dederimus

235 914 309 979 hinc
331 915 468 997 aliquam
491 914 621 980 forsitan
645 915 904 981 obtrectatoribus
920 915 1014 993 uiam,
1038 916 1203 996 dicentque
1218 916 1360 979 nonnulli

232 1017 329 1084 fidem
350 1019 566 1083 translationis
595 1033 670 1083 esse·
686 1019 874 1102 corruptam,
906 1018 980 1100 quia
1008 1018 1090 1082 certa
1119 1017 1262 1083 uidelicet
1286 1020 1393 1083 sunta

234 1120 267 1185 in
289 1122 427 1187 oratione
451 1141 530 1205 quae
552 1142 614 1187 non
637 1121 790 1187 habentur
811 1122 845 1186 in
868 1121 1015 1187 carmine.
1039 1121 1066 1185 si
1082 1123 1137 1203 qui
1151 1122 1257 1186 tamen
1273 1121 1359 1187 istud

232 1223 384 1304 obiciant,
421 1225 630 1290 faciuntne
663 1226 949 1306 intellegendo,
982 1228 1025 1289 ut
1056 1224 1162 1289 nihil
1195 1225 1357 1289 intelle-

231 1327 349 1410 gant?
371 1347 445 1393 nam
469 1330 495 1394 si
513 1332 569 1393 aut
585 1329 758 1394 saeculares
774 1329 896 1394 litteras
912 1328 1052 1395 adsecuti
1069 1331 1124 1392 aut
1138 1328 1254 1392 diuinis
1269 1327 1358 1392 uide·

232 1432 347 1496 buntur
380 1431 471 1497 libris
505 1431 661 1515 instructi,
692 1433 806 1497 debent
845 1432 987 1514 exempla
1019 1436 1163 1497 ueterum
1200 1451 1357 1497 recensere

230 1534 551 1601 neosimilialacerare
562 1537 712 1601 conentur
723 1535 846 1600 iniuste.
865 1538 1049 1619 cognoscant
1058 1536 1355 1616 Hermogenianum,
1365 1558 1392 1596 ιο

233 1636 450 1703 doctissimum
472 1638 693 1716 iurislatorem‚
724 1644 787 1704 tres
811 1638 960 1704 editiones
983 1639 1031 1703 sui
1053 1640 1154 1723 operis
1178 1639 1355 1719 confecisse,

231 1746 416 1823 cognoscant
427 1742 653 1824 peritissimum
666 1743 791 1808 diuinae
801 1742 1066 1826 legisOrigenem,
1080 1742 1182 1806 tribus
1195 1742 1355 1808 nihilomi-

232 1862 291 1908 nus
324 1845 513 1912 editionibus
546 1865 639 1931 prope
668 1850 780 1913 cuncta
809 1865 887 1929 quae
922 1845 1070 1911 disseruit
1099 1846 1265 1927 aptauisse.
1300 1866 1356 1911 neo

235 1966 340 2013 eornm
363 1950 516 2034 quispiam
532 1950 685 2017 mordacis
701 1951 828 2034 linguae
842 1951 998 2016 laceratur
1014 1950 1137 2028 iniuria,
1162 1969 1234 2014 oum
1252 1949 1356 2032 potius

231 2051 304 2117 inde
327 2052 427 2119 laudis
447 2058 673 2135 consequantur
689 2056 866 2137 augmenta,
889 2054 972 2136 quod
986 2053 1188 2135 prouectibus
1203 2053 1355 2117 uberioris
1366 2069 1390 2109 1⁵

230 2154 353 2239 ingenii
376 2157 575 2241 diligentiore
598 2157 738 2239 posteros
759 2155 819 2221 fide
841 2155 1010 2221 noscendae
1032 2155 1177 2220 ueritatis
1200 2157 1355 2220 instruxe-

228 2258 303 2323 rint.
328 2259 414 2324 aliud
441 2277 573 2342 namque
602 2260 650 2324 est
672 2259 795 2324 mutare
825 2259 996 2342 composita
1024 2261 1056 2323 et
1085 2259 1170 2323 aliud
1198 2260 1356 2342 integrare

229 2380 290 2427 non
311 2362 412 2445 plena.
436 2363 580 2443 quamuis
603 2362 705 2445 spatia
720 2362 843 2427 diuinae
864 2362 943 2444 legis
964 2362 1117 2438 inmensa,
1142 2361 1254 2443 quibus
1272 2362 1356 2426 dicta

229 2483 350 2548 semper
382 2466 560 2531 adiciuntur
594 2468 627 2531 et
659 2466 781 2549 desunt,
815 2467 903 2532 uelut
926 2483 1013 2529 mare
1035 2464 1204 2529 fluuiorum
1226 2465 1354 2546 penitus

214 2565 419 2633 incrementa
454 2587 515 2633 non
551 2568 708 2648 sentiens,
742 2567 839 2634 nullis
869 2568 1032 2633 terminari
1059 2568 1200 2632 sensibus
1229 2568 1353 2649 queant,
1364 2587 1389 2626 ro

328 2789 344 2842 1
363 2788 396 2843 cf.
415 2789 519 2845 Terent.
538 2791 622 2845 Andr.
640 2792 708 2860 prol.
726 2791 759 2844 11

277 2992 292 3046 1
319 2958 432 3048 uiserism
459 2995 480 3061 (i
504 3012 522 3049 o
544 3012 580 3049 m.
597 2998 627 3063 2)
655 2997 689 3061 P,
724 2997 810 3051 uisere
835 2998 876 3061 R,
912 2996 1024 3049 uiseram
1050 2996 1086 3049 H
1185 2995 1299 3049 traditas
1328 2996 1352 3062 1,

225 3087 374 3144 Traditao
477 3092 632 3145 3assecuta
654 3093 727 3147 HH²
833 3093 850 3146 4
874 3092 993 3162 aliquam
1015 3092 1129 3146 forsitan
1152 3108 1202 3145 om.
1225 3109 1254 3156 o,
1282 3107 1352 3144 eras.

224 3184 254 3238 in
280 3185 315 3238 H
430 3186 448 3240 5
477 3190 596 3255 correpta
622 3189 682 3244 RH
800 3188 873 3257 quia]
902 3188 911 3240 i
937 3203 1006 3242 corr.
1034 3204 1068 3240 m.
1093 3189 1113 3241 2
1139 3187 1166 3240 P
1283 3188 1353 3239 certe

223 3303 258 3358 Η
368 3306 385 3360 6
410 3321 461 3375 que
488 3307 516 3361 P
629 3308 719 3376 siquid
745 3309 773 3362 P
890 3309 906 3362 1
932 3280 1066 3362 facissntne
1095 3307 1123 3360 Ρ
1234 3306 1276 3374 ne]
1303 3321 1353 3359 nae

223 3390 313 3454 Areo,
340 3406 388 3444 nec
410 3392 481 3446 Gall.
493 3408 555 3447 cam
565 3394 678 3462 reliquis
685 3399 804 3462 potrum
815 3394 977 3448 bibliothecis
1062 3392 1240 3460 intelligendo
1258 3408 1292 3446 eoo
1310 3393 1352 3444 in-

223 3475 374 3544 tellegendo
394 3478 474 3531 P²H²
564 3480 622 3549 aut]
640 3481 736 3535 toros.
749 3480 939 3535 littoriascr.
957 3480 997 3544 11,
1027 3479 1091 3532 sim
1107 3479 1147 3542 H,
1177 3477 1284 3531 sicuti

222 3575 285 3613 nam
312 3561 336 3615 si
360 3563 505 3617 saeculares
532 3581 549 3619 o
651 3566 668 3620 8
694 3566 822 3620 seculares
848 3567 906 3620 PH
1007 3565 1122 3619 assecuti
1148 3564 1175 3619 R
1278 3567 1295 3619 9
1321 3564 1351 3616 in

222 3645 300 3700 libris
326 3647 355 3701 P
464 3650 498 3703 10
524 3666 557 3704 ne
580 3668 597 3706 o
710 3653 741 3705 11
770 3651 899 3705 ediciones
925 3651 958 3704 Η
1068 3651 1101 3704 12
1128 3649 1198 3703 nihil
1224 3649 1351 3703 hominus

221 3731 249 3787 R
366 3734 399 3789 13
424 3737 585 3804 propeounia
611 3737 652 3801 Β,
687 3738 881 3806 propelfffcnnia
907 3737 940 3790 Η
1054 3737 1211 3791 disseruisse
1228 3737 1269 3802 R,
1306 3736 1351 3790 de-

221 3835 308 3889 seruit
331 3837 368 3891 H
468 3839 501 3892 14
526 3845 591 3894 oute
617 3856 676 3893 cum
702 3855 806 3895 rasura
831 3841 863 3893 ia
888 3840 924 3893 H
1030 3840 1063 3894 15
1088 3819 1235 3907 conseqnat
1257 3839 1285 3893 P

220 3926 374 3995 augmenta]
393 3941 439 3993 gm
457 3942 527 3981 corr.
546 3944 580 3981 m.
599 3932 623 3994 1,
641 3944 662 3982 a.
682 3930 700 3983 1.
720 3928 784 3982 odd.
801 3945 835 3983 m.
854 3931 874 3982 2
891 3929 921 3983 P
1021 3925 1092 3995 quod
1108 3942 1133 3994 o,
1164 3942 1216 3995 quo
1235 3926 1269 3989 P,
1298 3940 1351 3993 qua

221 4008 258 4075 R,
287 4010 350 4077 qflfff
365 4011 400 4065 H
498 4013 666 4082 proumibus
684 4017 725 4079 H,
755 4014 967 4083 prouentibuso
1072 4012 1104 4068 16
1128 4014 1310 4067 instruxerunt
1333 4027 1350 4064 a

221 4096 290 4162 (eac.
308 4095 377 4160 001.)
482 4099 513 4152 11
533 4099 608 4153 aliud
626 4103 667 4154 est
685 4116 799 4169 namque
818 4100 890 4155 PHo
987 4102 1064 4153 muta
1081 4100 1117 4154 H
1215 4099 1349 4166 integrare

219 4182 370 4235 mnam
451 4186 593 4255 integrare.
612 4186 715 4240 Namo
803 4187 836 4241 18
848 4186 1124 4256 spatia]som.2P,
1151 4183 1284 4254 spaciaH

219 4266 269 4331 imp
286 4282 379 4322 mensa
398 4270 451 4326 PR
543 4273 575 4326 19
592 4272 762 4327 addiciuntur
780 4273 808 4326 P
893 4273 973 4327 uelud
991 4273 1024 4326 H
1115 4272 1236 4342 paenitus
1254 4270 1282 4323 P

219 4350 255 4405 20
271 4355 376 4421 queant
394 4355 427 4421 P,
456 4360 569 4425 quaeant
587 4362 613 4427 (a
632 4362 710 4425 eras.)
730 4359 757 4414 11
