3106 5250
501 437 650 505 Remigii
674 437 853 505 expositio.
1177 435 1240 501 353

110 637 161 693 ton
184 616 284 693 meson
308 632 335 698 j.
358 633 484 691 inbono
508 634 537 691 et
559 632 589 689 in
612 604 696 705 malo,
724 630 753 689 in
777 630 851 689 malo
869 630 944 690 sieut
961 631 991 689 in
1007 632 1061 690 hoc
1076 646 1173 701 uersu,
1189 629 1239 688 ubi

110 738 142 796 hi
165 737 271 796 mundo
295 734 473 794 damnabiles
497 737 524 794 ·i·
547 735 605 805 rei3
628 734 660 794 in
682 737 755 793 bono
779 735 854 794 sicut
877 735 906 792 in
929 735 1062 807 sequenti
1077 750 1171 803 uersu,
1187 734 1238 792 ubi

110 858 176 899 rous
199 846 243 900 est
266 841 387 898 muudus
410 839 436 896 ·i·
460 839 600 898 obnoxius
624 840 654 897 et
677 839 799 912 debitor,
827 837 896 911 quia
919 837 1002 896 debet
1025 836 1069 894 illi
1092 839 1238 894 aeternam

110 942 287 1001 fidelitatem.
335 942 510 1000 (louuioia
537 942 679 1001 auicinis
715 940 858 1011 dicuntur,
891 940 959 1013 qnia
987 939 1074 998 uicini
1104 940 1179 998 inter
1208 956 1238 997 se

89 1046 214 1120 oprobra
235 1047 357 1105 iactant.
404 1044 564 1117 Colligit
582 1046 608 1103 ·i·
624 1044 778 1113 coadunat,
796 1043 866 1102 facit
881 1044 1083 1116 apostropham
1100 1042 1137 1100 ad
1152 1059 1237 1115 para-

110 1149 213 1209 disum.
238 1149 326 1208 Edem
348 1147 492 1219 hebraice,
515 1147 669 1219 paradisus
692 1163 805 1218 graeco,
829 1146 930 1203 hortus
946 1146 1043 1203 latine.
1088 1144 1238 1204 Violen-

109 1256 182 1313 tnm
200 1253 227 1311 ·i·
246 1270 296 1325 pro
320 1252 423 1325 grandi
446 1251 591 1309 uiolentia.
615 1250 739 1308 Facinus
762 1252 811 1308 ton
826 1266 925 1308 meson
941 1251 994 1323 est,
1017 1248 1093 1307 sicut
1108 1250 1137 1306 et
1152 1247 1236 1317 facio,

111 1371 206 1428 aquo
230 1355 387 1416 desinatur.
415 1353 577 1426 Aliquando
601 1353 675 1411 euim
699 1352 803 1410 bouum
826 1352 940 1411 facinus
964 1352 1079 1413 dicitur.
1114 1351 1238 1410 Polum

109 1457 137 1515 ·i·
160 1456 279 1529 caelum,
306 1474 362 1514 non
385 1460 496 1529 partem
519 1458 569 1515 sed
592 1458 684 1515 totum
706 1455 895 1528 nuncupauit,
912 1455 979 1529 quia
994 1454 1110 1527 eclipsis
1126 1456 1236 1527 partem

75 1582 100 1621 ro
109 1562 166 1632 poli
189 1561 278 1635 tenet,
303 1560 415 1634 quando
438 1559 472 1617 fit
494 1560 651 1619 secundum
678 1562 822 1617 naturam.
857 1558 912 1617 Sed
934 1560 1002 1616 tunc
1024 1575 1084 1616 non
1106 1557 1162 1614 fuit
1184 1574 1237 1615 ua·

109 1662 223 1738 tutelis,
248 1664 298 1722 sed
322 1663 444 1736 signum.
483 1662 521 1720 Et
544 1662 693 1721 sciendum
716 1662 784 1735 quia
807 1661 921 1734 eclipsis
944 1660 1014 1719 solis
1037 1676 1183 1733 nunquam
1205 1658 1238 1716 fit

108 1765 168 1825 nisi
195 1766 226 1823 in
254 1765 402 1825 tricesima
430 1763 501 1821 luna
529 1765 575 1822 uel
603 1763 634 1822 in
657 1765 761 1836 prima,
795 1766 865 1821 tunc
893 1766 998 1837 quarta
1027 1762 1135 1821 decima
1165 1764 1235 1822 erat.

106 1869 284 1943 Exoqniis
308 1871 334 1927 ·i·
350 1866 498 1927 seruitiis:
522 1868 656 1940 exequiae
679 1866 822 1937 dicuntur,
845 1882 919 1939 quae
943 1866 1077 1925 secuntur
1096 1866 1237 1924 cadauera

106 1974 289 2031 mortuorum.
335 1971 505 2030 Dolituit
526 1974 553 2030 ·i·
577 1971 736 2030 abscondit.
773 1970 800 2027 A
822 1970 897 2028 lateo
921 1969 1097 2042 componitur
1119 1969 1233 2027 deliteo.

73 2075 185 2135 sallon
207 2092 381 2133 mansura
404 2074 464 2133 diu
486 2093 517 2133 .s·
539 2076 603 2148 ipsa
624 2075 672 2132 lux
696 2074 775 2148 solis
800 2074 857 2133 nisi
879 2091 931 2147 pen
953 2076 1013 2132 tres
1037 2072 1133 2131 horas.
1164 2072 1235 2145 My·

107 2178 207 2236 stica
230 2177 256 2234 ·i·
272 2177 406 2249 figurata.
430 2179 487 2236 Per
502 2180 629 2251 spatium
651 2178 740 2235 trium
762 2178 897 2236 horarum
914 2174 1143 2249 significabatur,
1159 2177 1232 2248 quod

107 2279 201 2338 tribus
225 2279 327 2338 diebus
350 2281 457 2339 iaceret
479 2281 611 2339 dominus
635 2281 664 2338 in
687 2281 846 2353 sepulchro,
871 2281 987 2338 asoxta
1009 2278 1079 2337 hora
1093 2295 1184 2351 usque
1200 2279 1236 2335 ad

106 2399 222 2442 nonam.
246 2382 316 2440 Tres
333 2383 419 2441 horae
435 2386 512 2454 sunt,
529 2383 632 2456 quibus
648 2385 807 2442 occultatus
824 2385 869 2443 est
884 2382 937 2442 sol.
954 2383 1080 2441 Verbum
1096 2383 1131 2441 de
1146 2381 1234 2441 uerbo

106 2484 269 2559 transtulit,
292 2501 357 2542 cum
373 2485 444 2543 dixit
460 2486 590 2559 mystica,
615 2488 734 2546 secreta.
766 2486 908 2559 Mysticon
924 2485 1000 2544 euim
1018 2484 1119 2543 Graeci
1134 2486 1235 2545 dicunt

71 2587 255 2651 zesecnetum.
274 2587 347 2645 Nec
363 2587 478 2646 tellus
495 2588 576 2647 sine
593 2589 695 2647 olado
710 2588 785 2646 fnit
800 2589 827 2645 ·i·
843 2589 907 2647 sine
925 2590 1037 2647 damno.
1052 2589 1136 2649 Modo
1152 2589 1232 2658 dicit,

107 2689 245 2762 quomodo
267 2691 411 2749 condoluit
425 2694 514 2759 terra,
538 2690 607 2764 quia
622 2691 678 2749 iam
695 2690 804 2749 dictum
819 2692 907 2749 habet
923 2693 957 2750 de
973 2692 1062 2752 caelo.
1103 2693 1232 2765 Supre-

104 2809 196 2850 mum
218 2792 244 2848 .i·
268 2792 411 2855 ultimum.
448 2794 604 2865 Suppromo
632 2810 683 2866 per·
712 2793 765 2851 duo
794 2809 850 2865 ·pp·
880 2793 1026 2866 significat
1048 2794 1180 2853 ultimum
1203 2804 1233 2853 et

103 2896 186 2954 uenit
197 2912 214 2953 a
227 2897 315 2955 uerbo
332 2897 488 2973 supprimo,
506 2896 556 2954 sed
571 2895 618 2953 hic
630 2912 686 2953 non
698 2896 793 2969 potuit
804 2898 920 2970 propter
932 2898 1063 2971 metrum,
1081 2912 1232 2970 supremus

104 3014 171 3055 uero
194 3014 354 3070 perunum
377 3016 413 3071 ·p·
438 3015 579 3056 summum
601 2999 684 3056 deum
700 2998 857 3071 significat.
902 3001 1003 3072 Apox
1018 3000 1046 3057 ·i·
1069 2998 1233 3058 sublimitas

69 3098 221 3162 eallhristi.
268 3102 510 3160 Succumbero
532 3101 558 3159 ·i·
582 3101 715 3160 deorsum
738 3103 847 3175 cadere,
869 3103 975 3175 putans
992 3118 1024 3159 ·s·
1040 3118 1103 3160 oum
1119 3103 1232 3161 auctore

104 3220 155 3261 suo
178 3204 214 3261 ad
236 3202 383 3262 infernum
410 3203 591 3262 descendere.
636 3203 759 3275 Vagas
782 3204 808 3260 ·i·
825 3203 988 3263 mutabiles.
1032 3204 1190 3263 Perdita
1205 3204 1232 3261 ·i.

103 3316 194 3378 genus
217 3306 381 3367 humanum.
416 3305 678 3365 consistentia
701 3306 727 3363 ·i·
751 3307 896 3364 manentia
919 3325 951 3365 ·s·
974 3306 1106 3365 mundus.
1141 3307 1232 3366 Pen-

104 3408 231 3466 nicnlo
255 3409 282 3466 ·i·
306 3408 451 3482 spongiae,
481 3426 567 3482 quam
596 3409 842 3469 circumdederunt
865 3409 973 3482 hysopo
996 3426 1060 3468 cum
1081 3410 1231 3468 arundine.

104 3511 341 3570 Mannaribus
364 3512 391 3569 ·i·
414 3512 448 3569 de
477 3512 571 3569 scorto
600 3511 686 3573 natis.
728 3512 796 3570 ideo
825 3511 929 3570 Iudeos
956 3512 991 3569 de
1023 3513 1117 3571 scorto
1147 3514 1231 3571 natos

68 3639 94 3679 ³0
104 3612 182 3685 dicit,
216 3614 283 3686 quia
318 3614 411 3672 uirum
440 3616 551 3673 animae
579 3631 648 3673 suae
671 3615 698 3673 ·i·
721 3614 867 3674 Christum
895 3616 1060 3676 deserentes
1082 3617 1231 3677 Barraban

102 3713 244 3774 latronem
267 3719 350 3790 quasi
373 3717 535 3776 adulterum
557 3718 688 3790 eligendo
711 3718 803 3776 secuti
826 3719 902 3776 sunt.
947 3718 1099 3776 Acetum
1122 3736 1156 3779 ex
1179 3737 1230 3792 op·

103 3817 171 3876 timo
194 3821 260 3879 uino
287 3821 320 3878 fit
350 3825 379 3879 et
411 3821 516 3879 dicitur
545 3822 627 3894 quasi
661 3823 773 3880 acidum
796 3821 821 3879 ·i·
846 3821 990 3880 acerbum.
1028 3823 1075 3880 Ita
1096 3824 1126 3880 et
1148 3823 1230 3882 Iudei

102 3921 137 3979 de
152 3924 284 3995 patribus
302 3925 328 3982 ·i·
345 3926 379 3983 de
394 3924 565 3997 patriarchis
581 3926 642 3984 nati
659 3928 737 3983 sunt.
774 3923 911 3983 Odiosa
933 3941 1097 3999 propago
1120 3926 1146 3983 ·i·
1171 3925 1229 3984 ini·

102 4023 175 4083 mica
196 4027 354 4099 generatio.
383 4029 480 4086 Bonus
504 4026 635 4086 Christus
657 4027 761 4086 dicitur
785 4044 802 4085 a
824 4043 937 4099 graeco,
961 4029 1036 4100 quod
1058 4030 1103 4087 est
1125 4029 1179 4088 boo
1202 4028 1231 4085 ·i·

154 4260 186 4313 13
210 4225 329 4355 aelredi
347 4276 366 4313 a
382 4276 417 4313 m.
435 4261 465 4325 2)
483 4260 511 4312 a
593 4225 691 4313 arud·
715 4261 759 4325 (sis
781 4278 800 4314 a
820 4278 854 4314 m.
872 4264 902 4327 2)
921 4264 948 4315 A
1033 4263 1065 4315 rs
1082 4261 1228 4315 messanen

100 4364 128 4416 A
231 4363 263 4415 31
291 4364 350 4429 x(c
367 4379 386 4416 a
402 4379 436 4416 m.
454 4364 485 4433 2)
504 4364 531 4416 A

68 4514 74 4536 ,
151 4466 185 4521 x.
1092 4467 1126 4521 23
