3106 5250
637 480 822 551 Appendix.

637 1110 752 1207 .Πο

191 1350 482 1448 EXOERPTA
524 1350 598 1445 EX
637 1349 855 1449 REMIGH
892 1348 1264 1446 EXPOSITIONE

402 1538 463 1635 IN
493 1536 778 1635 Pnsuflnnu
811 1538 1048 1635 CARMEN.
1079 1648 1083 1655 ,

202 1797 242 1879 In
271 1820 401 1893 catalogo
431 1820 556 1879 uirorum
585 1820 741 1879 illustrium
769 1821 798 1879 id
827 1822 871 1879 est
901 1820 933 1877 in
962 1819 1047 1891 libro,
1075 1834 1158 1892 quem
1188 1819 1298 1877 beatus

159 1922 352 1997 Hieronymus
382 1922 538 1994 inchoarit,
563 1925 613 1983 sed
641 1924 776 1983 Paterius
806 1922 964 1996 discipulus
992 1922 1053 1981 eius
1087 1920 1217 1996 perfecit,
1252 1922 1297 1981 ibi

159 2024 269 2098 legitur
291 2026 357 2099 quis
379 2025 467 2084 fuerit
489 2026 546 2084 iste
569 2024 711 2085 Sedulius.
750 2026 815 2084 ruit
838 2025 912 2084 enim
930 2024 1023 2098 primo
1038 2023 1129 2083 laicus
1146 2024 1296 2084 soeculari

159 2104 319 2203 sapientiae
342 2128 470 2203 deditus;
494 2130 596 2202 postea
619 2129 656 2187 ad
674 2128 764 2189 Deum
787 2144 941 2187 conuersus
958 2128 1078 2202 scripsit
1093 2128 1168 2186 hunc
1184 2127 1295 2186 librum

157 2232 243 2306 quasi
272 2248 323 2305 per
351 2230 516 2290 dinocheum
545 2232 575 2290 id
603 2233 649 2290 est
678 2231 819 2306 duplicem
847 2232 1045 2302 refectionem,
1076 2231 1110 2288 de
1144 2229 1238 2289 ueteri
1262 2232 1333 2291 ets

159 2351 235 2393 nouo
265 2335 449 2395 testamento.
486 2334 525 2392 Et
553 2333 710 2409 sciendum,
739 2336 807 2409 quia
828 2334 909 2408 prius
932 2334 1062 2407 prosaice
1084 2331 1163 2407 fecit,
1187 2333 1294 2405 postea

159 2436 277 2495 metrice
307 2437 465 2511 composuit
488 2440 518 2495 et
540 2418 744 2511 praetitulanit
774 2454 838 2497 oum
866 2435 999 2511 paschali
1021 2436 1156 2510 carmine,
1185 2451 1293 2493 conse-

159 2555 243 2598 crans
265 2539 431 2598 Macedonio
453 2539 630 2613 presbytero.
658 2538 722 2599 ilos
745 2541 822 2599 enim
846 2542 907 2598 erat
929 2540 1006 2613 apud
1021 2540 1164 2613 antiquos,
1190 2539 1221 2594 ut
1237 2554 1292 2596 sna

160 2640 271 2715 scripta
300 2641 479 2713 sapientibus
509 2643 539 2700 et
567 2641 713 2701 nobilibus
740 2641 917 2714 conferrent,
941 2645 974 2701 ut
997 2658 1094 2701 eorum
1117 2639 1291 2699 auctoritate

36 2760 40 2767 ·
158 2744 362 2804 roborarentur
391 2748 420 2803 et
449 2744 484 2802 ab
521 2745 641 2803 aemulis
675 2744 867 2806 sulcarentur.
906 2745 1011 2803 Docuit
1033 2746 1128 2803 autern
1151 2743 1183 2801 in
1206 2742 1331 2815 Asia,1o

58 2811 144 2915 ἕψε
158 2846 266 2919 partim
288 2847 319 2905 in
334 2846 428 2906 Italia.
464 2846 548 2906 Modo
570 2847 641 2906 facit
664 2848 812 2921 epistolam
828 2850 863 2907 ad
881 2848 1087 2907 Macedonium.
1125 2847 1289 2905 Decurso

157 2951 185 3009 ·i·
208 2950 300 3021 finito,
325 2949 510 3024 participium
531 2952 576 3009 est
599 2950 660 3011 sine
679 2951 760 3010 uerbi
776 2952 899 3026 origine.
936 2950 1094 3010 Oenseas
1117 2948 1144 3006 ·i·
1168 2948 1288 3010 iudices.

158 3052 387 3111 Securitatis
410 3053 436 3110 ·i·
467 3053 662 3126 grauiffitatis.
701 3052 1164 3127 obiurges·i-rep1·ehenuas.
1203 3050 1287 3109 Sul-

157 3155 281 3214 fultus
303 3155 330 3214 ·i·
353 3155 481 3227 adiutus,
505 3156 593 3217 fulcio
617 3159 662 3216 est
686 3158 789 3217 adiuuo
813 3156 879 3216 inde
901 3156 990 3216 fultor
1014 3156 1119 3214 dicitur
1143 3154 1178 3213 ab
1203 3153 1287 3211 adin·

157 3258 262 3321 nando.
306 3259 510 3319 Paschalis
545 3260 573 3318 ·i·
607 3260 802 3334 euangelicae.
854 3260 1073 3319 Maiestatis
1107 3258 1134 3316 ·i·
1168 3255 1327 3328 christine

156 3361 232 3420 siout
276 3362 423 3435 apostolus
471 3362 527 3422 ait:
572 3363 685 3423 Pascha
727 3364 857 3422 nostrum
900 3362 1064 3422 immolatus
1113 3362 1158 3421 est
1202 3358 1287 3417 Chri·

261 3541 293 3595 16
311 3541 325 3597 Ι
343 3540 466 3595 Corinth.
486 3542 510 3608 5,
530 3543 545 3594 7

258 3713 284 3764 A
302 3733 338 3758 =
354 3712 412 3766 cod.
431 3712 609 3767 Monacensis
627 3713 671 3778 (ol.
691 3713 830 3783 Teperns.)
848 3714 938 3767 19466
954 3727 977 3766 s.
994 3713 1031 3766 X.

258 3797 286 3851 Β
304 3818 338 3843 =
356 3797 412 3851 cod.
431 3798 610 3853 Monacensis
627 3799 673 3867 (ol.
695 3796 867 3867 Windberp.)
885 3799 980 3851 22307
997 3813 1018 3852 s.
1037 3797 1092 3851 XI.

206 3982 315 4022 rnorem
333 3982 482 4022 nxeosruro
499 3981 617 4021 nnrrrsrr
633 3983 668 4021 nr
685 3982 755 4023 orvs
774 3982 913 4022 susurrus
932 3982 1085 4022 rnsomrs
1103 3968 1143 4032 Α,
1175 3981 1285 4021 rnorrrr

153 4068 243 4109 cnosi
265 4069 355 4108 svenne
379 4068 522 4109 snnvnrvnr
546 4054 586 4119 B;
615 4053 649 4119 of.
673 4054 751 4109 Prot.
861 4055 877 4106 5
901 4053 1061 4122 dyroolrcum
1085 4055 1112 4108 A
1134 4053 1168 4119 cf.
1193 4054 1285 4107 Prnd.

153 4139 225 4195 Dite.
245 4140 266 4193 I
286 4140 338 4205 (ert.
361 4140 483 4203 Drcssel)
587 4139 615 4192 id
639 4142 681 4193 est
704 4140 744 4206 Α,
782 4139 807 4192 ·i·
825 4139 853 4193 Β
878 4140 1006 4209 (posnan)
1111 4138 1221 4207 equod
1245 4139 1285 4192 A¹

152 4275 225 4316 conr.
243 4262 315 4314 Μ
419 4260 485 4312 lou
502 4259 530 4312 Β
635 4258 667 4312 12
688 4259 712 4311 ·i·
731 4258 796 4313 add.
815 4258 862 4325 ΑΒ,
893 4275 942 4314 om.
960 4259 988 4314 Β
1088 4260 1120 4313 13
1138 4223 1284 4328 grauitatis

152 4381 182 4435 A
285 4380 318 4433 14
339 4352 437 4463 eduino
458 4383 486 4445 (u
505 4396 522 4433 c
540 4395 573 4433 nn.
593 4382 621 4445 2)
639 4378 667 4432 A
