3106 5250
294 441 361 509 250
796 438 932 495 Sedulii

295 629 443 698 omnibus
465 628 679 697 administrat.
717 628 821 695 tribus
845 646 979 711 namque
993 629 1155 712 discipulis
1171 647 1276 695 secum
1292 628 1428 695 testibus

296 735 330 799 in
354 732 473 799 excelsa
496 732 612 797 montis
637 732 780 797 abductis
804 731 941 814 speciem
963 751 1037 797 suae
1053 733 1171 815 gloriae
1187 731 1427 816 transfiguratus

296 836 435 902 ostendit
457 838 489 903 et
512 835 600 902 uelut
627 836 736 920 igneus
766 836 842 901 solis
865 836 1003 901 radiauit
1027 840 1178 919 aspectus,
1209 838 1291 900 niuis
1314 836 1428 901 cando-

295 958 363 1004 rem
392 940 533 1005 uestibus
564 938 718 1004 imitatus.
756 958 811 1004 cur
839 956 911 1003 uero
942 938 1067 1004 diuinae
1094 939 1268 1004 maiestatis
1291 939 1428 1021 splendi-

296 1042 458 1109 dissimam
474 1043 663 1126 claritatem,
680 1061 775 1125 quam
789 1042 909 1107 nullius
925 1045 1070 1126 aspectus
1086 1044 1188 1125 potest
1204 1044 1284 1107 acies
1300 1042 1427 1119 intueri,
1451 1068 1465 1108 s

295 1147 370 1213 solis
403 1148 436 1213 et
472 1149 594 1213 niuium
630 1148 747 1232 figurae
784 1146 905 1213 nisibili
941 1147 1199 1229 prudentissimus
1236 1146 1429 1229 euangelista

294 1250 475 1332 contulerit,
499 1253 578 1316 ratio
601 1251 797 1317 manifestior
820 1251 970 1318 edocebit.
1017 1251 1097 1315 nihil
1119 1254 1166 1315 est
1188 1252 1221 1315 in
1236 1251 1295 1316 boe
1311 1250 1427 1315 mundo

294 1354 454 1436 siquidem
477 1354 542 1417 sole
564 1354 687 1431 clarius,
705 1355 778 1418 niue
800 1353 972 1429 candidius,
989 1356 1021 1418 et
1036 1353 1074 1421 ob
1091 1353 1147 1417 hoc
1169 1351 1250 1418 illud
1271 1353 1429 1435 specimen

293 1474 439 1523 summae
455 1456 616 1521 diuinitati
638 1458 726 1522 ratus
742 1460 788 1521 est
805 1456 1033 1531 eonferendum,
1058 1456 1131 1538 quie
1146 1455 1225 1520 nihil
1242 1455 1325 1519 ultra
1340 1474 1424 1520 mor-

294 1560 413 1625 talibus
443 1558 543 1625 oculis
572 1559 724 1641 probatur
753 1579 820 1624 esse
850 1578 1042 1625 concessum.
1081 1559 1114 1623 in
1144 1560 1269 1624 tantum
1292 1577 1464 1640 namquero

295 1662 422 1727 Domini
445 1662 548 1744 fulgor
570 1662 625 1727 ille
648 1662 833 1745 praecipuus
857 1666 888 1727 et
911 1662 1006 1728 solem
1028 1663 1194 1744 superabat
1216 1665 1246 1726 et
1269 1664 1367 1741 niues,
1390 1664 1427 1727 ut

294 1765 395 1830 solem
417 1764 543 1848 quidem
560 1765 709 1848 niuesque
725 1770 897 1848 conspicere
912 1765 1005 1831 facile
1021 1764 1149 1830 cuilibet
1167 1767 1295 1831 obtutus
1311 1765 1426 1847 subpe-

294 1868 387 1952 ditet,
417 1866 577 1934 Christum
607 1888 680 1934 uero
710 1870 852 1952 propriae
882 1869 960 1934 lucis
986 1868 1130 1934 claritate
1152 1867 1328 1951 fulgentem
1351 1887 1424 1932 cum

295 1972 462 2053 nequirent
499 1972 631 2053 apostoli
665 1991 800 2049 cernere,
833 1971 938 2055 pronis
960 1971 994 2036 in
1017 1975 1134 2037 terram
1157 1972 1297 2036 uultibus
1320 1970 1424 2035 conci·

294 2074 423 2141 dissent.
464 2092 481 2139 o
513 2075 698 2141 sublimium
734 2078 918 2141 meritorum
946 2076 1066 2159 grande
1098 2073 1273 2158 fastigium,
1312 2074 1425 2156 quibus
1437 2099 1463 2139 15

295 2176 368 2243 data
391 2180 465 2243 sunt
486 2177 562 2243 haec
584 2178 616 2243 in
640 2178 754 2243 mundo
776 2197 967 2262 cognoscere,
988 2197 1067 2261 quae
1089 2178 1224 2243 mundus
1247 2197 1308 2243 non
1323 2196 1426 2243 mere·

294 2281 387 2347 batur
408 2282 587 2348 aduertere!
612 2283 687 2364 quid
711 2284 793 2365 quod
815 2288 847 2348 et
868 2283 998 2349 Heliam
1019 2282 1224 2349 nihilominus
1248 2299 1283 2347 ec
1297 2280 1426 2363 Moysen

292 2384 507 2467 corporalibus
530 2385 653 2470 ignotos
668 2384 960 2468 aspectibuseculis
988 2384 1187 2451 interioribus
1203 2383 1425 2467 cognouerunt,

346 2692 360 2744 1
379 2690 562 2743 amministrat
584 2690 649 2756 PB,
679 2680 848 2745 ⁸¹¹¹ministrat
867 2694 921 2759 (am
938 2708 957 2746 c
974 2708 1008 2745 m.
1027 2694 1056 2757 2)
1078 2691 1107 2747 Β
1206 2696 1270 2760 post
1287 2690 1389 2756 tribus,
1408 2707 1428 2743 n

290 2792 440 2847 creatrici.
459 2792 492 2845 ire
509 2792 537 2848 Β
623 2792 740 2847 3uelnd
758 2793 786 2847 P
870 2793 976 2863 ignelis
993 2793 1035 2859 Β,
1061 2792 1127 2859 sort.
1145 2793 1218 2862 ignei
1303 2793 1427 2847 dimmi-

292 2912 368 2965 carus
386 2912 414 2965 a
500 2899 707 2980 mursense
792 2878 1009 2982 sprofundum
1028 2914 1069 2981 <cr
1085 2930 1104 2968 a
1118 2914 1241 2982 m.2>1>
1324 2914 1428 2968 ccurs-

291 3034 378 3086 tatem
396 3032 424 3085 Β
520 2998 611 3087 nulfus
628 3033 670 3099 Β,
699 3034 791 3088 nullus
810 3034 865 3088 ΡΒ
961 3033 1209 3088 imanifastctiore
1227 3034 1255 3088 P
1349 3032 1427 3087 dcce-

292 3134 336 3190 bit
358 3136 439 3191 HBc
542 3137 619 3191 nobis
642 3140 684 3191 est
707 3138 735 3192 P
834 3139 852 3192 8
876 3138 1010 3207 siquidem
1035 3138 1065 3191 in
1082 3138 1132 3191 hoc
1155 3138 1235 3192 HBo
1338 3137 1426 3190 carius

292 3256 320 3310 Β
430 3257 559 3312 candidus
585 3259 619 3323 P,
655 3224 785 3313 candidus
808 3261 837 3314 Β
944 3259 1058 3328 speciae*
1079 3260 1124 3327 H,
1159 3259 1271 3328 speciem
1295 3262 1319 3325 (e
1344 3264 1424 3323 cras.)

291 3342 320 3396 Β
429 3343 504 3397 illius
527 3343 873 3412 speciem-confercndam
900 3344 970 3412 cor,
1006 3344 1077 3398 illud
1100 3344 1213 3413 speciem
1235 3344 1424 3398 conferendum

291 3426 360 3481 Par.
382 3428 454 3482 Gaii.
477 3444 539 3483 cum
561 3428 758 3484 admotctionc:
786 3429 945 3501 Lepmdrem
967 3430 1082 3485 uiderer
1103 3428 1174 3483 illud
1198 3430 1296 3497 speciei
1314 3431 1425 3494 (sedicet

291 3516 352 3566 tum
378 3513 457 3579 solis,
484 3516 546 3567 tum
571 3513 654 3585 niuis)
679 3544 713 3555 -
739 3516 929 3570 conferendum
1047 3517 1064 3570 9
1091 3515 1246 3571 diuinitatis
1272 3518 1355 3571 Arce.

290 3620 386 3685 snpmc
412 3616 441 3669 P
569 3616 723 3673 diuinitatis
749 3619 777 3672 P
800 3618 882 3674 Areo.
1007 3607 1065 3688 qul'
1088 3618 1140 3674 ΡΒ
1261 3619 1423 3674 mortalibus

291 3700 366 3756 ultra
384 3702 465 3757 HBc
553 3703 586 3757 10
602 3704 747 3772 probatum
764 3706 792 3762 Β
879 3706 1041 3776 concessum]
1060 3706 1153 3774 ccci
1171 3706 1199 3761 Β
1292 3706 1324 3759 12
1342 3705 1424 3759 facite

291 3787 327 3853 P,
356 3787 443 3842 facere
466 3789 510 3854 Η,
540 3787 616 3843 facili
638 3790 666 3843 Β
795 3792 907 3859 optutus
932 3792 969 3856 P,
1004 3791 1103 3845 obtutu
1126 3792 1161 3846 H
1180 3792 1248 3846 Par.
1273 3792 1354 3845 Areo.

290 3882 411 3951 suppetit
429 3886 456 3937 et
474 3884 506 3948 P,
537 3884 691 3953 suppeditet
708 3885 759 3940 Bc
859 3884 986 3955 131ucis]
1005 3902 1026 3940 a.
1047 3886 1064 3942 l.
1083 3884 1123 3939 Β1
1218 3885 1369 3939 claritatem
1387 3884 1423 3947 B,

290 3968 334 4049 -1ἷ
359 3999 389 4061 (”
410 3998 490 4064 creo.)
514 3996 547 4049 H
651 3997 683 4050 14
709 4004 780 4066 pirus
803 3997 831 4051 P
933 4000 1006 4051 terra
1032 3999 1061 4052 Β
1164 3997 1334 4052 conciderunt
1356 3999 1425 4051 Pcr.

291 4114 366 4171 (tao.
383 4116 466 4171 Areo.
557 4117 591 4172 15
609 4116 756 4171 sublimum
774 4118 809 4172 H
894 4091 1195 4187 gradesncm.2)1t
1279 4118 1424 4172 fastidium

289 4250 319 4304 Ρ
419 4253 452 4307 re
475 4253 631 4308 cerussae
654 4255 682 4309 P
783 4257 901 4311 merebat
918 4256 970 4311 He
1075 4257 1106 4310 17
1125 4256 1251 4326 quoqne
1270 4257 1304 4323 Ρ,
1334 4221 1422 4326 quil*

288 4372 372 4440 (corr.
395 4386 429 4426 m.
446 4372 495 4439 cl.)
522 4372 550 4425 Β
654 4373 817 4444 Moysemc
921 4377 954 4431 18
980 4348 1081 4446 ignitos
1107 4379 1134 4444 (o
1156 4393 1192 4431 m.
1213 4377 1259 4445 ct.)
1288 4378 1316 4431 Β
