3106 5250
1194 448 1294 496 XLVII

158 620 284 685 adiutus
308 620 367 684 sim
401 617 483 682 liber
516 616 582 699 ipse
604 616 702 681 Prosa
730 616 894 698 praecipue
915 617 1000 681 haud
1022 619 1128 699 paucis
1151 617 1226 682 locis
1249 615 1290 683 ab

160 724 215 790 illo
238 724 404 787 emendata
437 721 490 785 uel
513 719 700 785 coniecturis
730 723 837 784 ornata
865 721 1010 784 testatur.
1049 721 1116 785 Nec
1138 719 1291 784 minorem

159 826 298 912 gratiam
321 825 414 890 debeo
435 822 619 887 ministeriis
641 821 775 904 publicis
792 823 822 886 et
838 822 1096 888 bibliothecarum
1111 822 1289 905 praefectis,

158 931 214 1013 qui
237 929 317 994 mihi
346 928 523 992 inmensam
545 926 712 990 materiam
741 927 934 1007 conquirenti
963 926 1091 993 consilio
1121 945 1175 992 sno
1199 925 1291 990 adfu-

160 1035 253 1098 erunt
276 1034 307 1096 ct
330 1033 470 1096 codicum
494 1028 748 1093 excutiendorum
765 1029 886 1111 copiam
907 1029 1056 1105 fecerunt,
1080 1028 1192 1094 deinde
1214 1027 1291 1093 uiris

160 1135 351 1201 doctissimis
383 1150 514 1215 quorum
544 1131 730 1214 apographis
754 1130 931 1197 Scdnlianis
960 1133 1009 1197 uti
1035 1132 1113 1197 mihi
1141 1131 1234 1196 licuit
1255 1134 1292 1195 ut

159 1237 193 1302 O.
229 1237 416 1320 Schenkl,
451 1238 503 1317 qui
537 1233 654 1298 Sednlii
688 1235 819 1318 hymnos
849 1235 1004 1300 eduobus
1040 1234 1196 1301 codicibus
1229 1253 1291 1300 uno

161 1340 302 1405 Parisino
321 1340 420 1404 altero
443 1338 595 1414 Leidensi,
619 1339 661 1402 H.
685 1338 911 1417 BradshaW‚
937 1340 990 1420 qui
1012 1339 1143 1422 hymnos
1159 1357 1194 1404 ex
1210 1339 1289 1404 libro

161 1444 345 1526 perantiquo
384 1441 635 1523 Cantabrigiensi
679 1440 849 1522 descriptos
886 1441 1114 1524 suppeditauit;
1159 1442 1292 1525 denique

161 1552 266 1612 mente
288 1546 380 1629 grata
402 1545 502 1610 recolo
526 1563 588 1622 000,
611 1544 757 1626 aquibus
781 1544 899 1609 codices
922 1546 1003 1609 10100
1025 1544 1291 1610 inmeumusum

158 1666 303 1715 excussos
326 1651 378 1712 uel
398 1648 555 1730 inspectos
578 1664 645 1712 esse
668 1666 761 1730 supra
776 1647 876 1715 docui.
902 1648 973 1712 Iam
994 1649 1087 1731 longo
1109 1665 1209 1713 errore
1231 1638 1292 1712 ‘in—

160 1771 304 1817 mensum
326 1750 481 1833 paschalis
517 1750 664 1816 carminis
697 1750 837 1835 pelogus'
871 1752 988 1816 emensi
1017 1751 1094 1816 litus
1123 1755 1290 1834 tangamus

160 1856 296 1938 gratum,
334 1857 362 1920 si
398 1856 456 1919 hoc
493 1872 582 1936 opere
620 1854 738 1936 aliquid
776 1854 941 1936 profecisse
978 1854 1172 1933 uidebimur3
1218 1873 1292 1919 nam

158 1958 351 2041 experientia
378 1959 557 2024 roboratum
589 1959 628 2023 ad
650 1976 767 2023 nonum
789 1959 929 2023 laborem
952 1957 1113 2023 innitat—
1127 1958 1290 2024 quencus.

203 2094 318 2177 Scripsi
342 2095 547 2162 Vindobonae
570 2096 678 2161 Idibus
701 2096 932 2162 Nouembribus
956 2114 986 2162 a.
1011 2096 1104 2164 1884.

915 2353 1074 2423 iohannes
1097 2353 1247 2422 tinemut.
