3106 5250
283 445 346 511 184
783 441 916 496 Sedulii

286 634 444 699 Christum
478 651 545 698 esse
579 632 648 715 quis
684 633 842 716 abneget?
875 631 929 714 qui
962 632 1078 697 ueteris
1103 649 1139 696 ac
1167 630 1241 695 noui
1271 632 1411 697 corrditor

286 738 466 803 testamenti
505 737 681 802 inmensum
719 736 838 817 primae
876 735 954 816 legis
992 738 1138 818 abyssum
1172 752 1227 799 suo
1261 734 1409 816 patefecit

286 838 441 918 aduentu,
490 845 642 922 quatenus
683 840 857 904 recentiore
902 839 1043 905 doctrina
1079 840 1243 920 tamquam
1279 840 1409 904 remotis

74 938 183 1041 pontii
286 944 440 1008 undarum
474 943 609 1007 molibus
631 941 754 1006 intimis
777 961 813 1006 ac
834 942 996 1025 profundis
1018 961 1147 1024 sequens
1172 943 1257 1007 aetas
1280 941 1325 1006 nil
1355 960 1408 1023 pe·

282 1046 377 1110 riculi
408 1045 580 1111 formidans
614 1065 669 1128 per
697 1046 809 1110 callem
840 1046 953 1127 planae
979 1045 1133 1111 libertatis
1162 1045 1318 1110 incederet
1346 1047 1444 1111 iamt

282 1167 400 1215 secura.

232 1274 271 1336 lc
326 1267 408 1348 Quid
432 1270 570 1335 eiusdem
585 1271 684 1355 plebis
708 1272 849 1336 cateruas
865 1271 1043 1335 innumeras
1059 1270 1092 1334 in
1108 1270 1238 1334 desertis
1255 1272 1409 1334 terrarum

283 1373 392 1455 spatiis
428 1376 459 1437 et
497 1373 594 1438 totius
623 1373 728 1439 uictus
757 1375 923 1439 sterilitate
953 1373 1109 1439 damnatis
1138 1374 1222 1437 cibos
1252 1373 1409 1456 angelicos

282 1494 456 1559 panemque
481 1477 622 1542 caelestis
650 1479 772 1561 gratiae
794 1477 929 1543 referam
952 1481 1140 1555 consecutas,
1170 1477 1225 1541 ubi
1248 1478 1410 1541 nectareus

284 1581 437 1647 aetheriae
460 1580 633 1647 maiestatis
656 1582 783 1646 nimbus
806 1581 949 1646 inrorans
975 1580 1089 1663 populo
1117 1582 1211 1662 dapes
1234 1600 1271 1643 err
1293 1578 1409 1661 pluuiis
1422 1603 1446 1641 ιο

284 1686 317 1748 et
339 1683 479 1766 copiosas
502 1703 539 1747 ex
560 1684 716 1749 imbribus
739 1704 824 1751 escas
848 1684 970 1748 effudit.

232 1803 269 1869 ll
325 1802 387 1865 Per
423 1802 601 1884 squalentia
638 1824 743 1870 rursus
781 1804 927 1869 uiolentis
966 1823 1042 1869 arua
1078 1802 1254 1867 feruoribus
1298 1802 1409 1867 sitiens

282 1903 448 1970 aestuabat
463 1907 623 1987 exercitus,
641 1925 701 1987 qua
716 1905 865 1971 familiari
882 1926 1002 1989 semper
1015 1909 1123 1971 ardore
1134 1906 1255 1989 negatis
1268 1905 1410 1970 fontibus

283 2010 384 2073 iacens
412 2010 497 2074 terra
525 2011 707 2093 languebat,
737 2028 798 2092 qua
820 2031 906 2093 spem
929 2012 1056 2076 bibendi
1085 2010 1201 2093 pariter
1225 2029 1261 2075 ac
1282 2011 1410 2075 uiuendi

282 2110 426 2177 deficiens
449 2132 600 2195 aquarum
621 2117 734 2178 natura
756 2113 962 2179 subduxerat:
987 2134 1058 2179 oum
1074 2114 1231 2196 stupentis
1255 2116 1319 2178 saxi
1342 2113 1409 2177 uis·
1420 2139 1444 2176 1e

282 2216 400 2281 ceribus
437 2219 542 2299 torpor
574 2217 711 2281 inclusus
746 2220 946 2299 spumantem
979 2217 1083 2282 subito
1118 2217 1285 2282 fluctuanti
1318 2220 1410 2281 caute

280 2318 468 2385 redundauit
490 2320 524 2383 in
539 2319 666 2384 laticem
689 2319 849 2402 siccaeque
866 2319 963 2384 ieiuni
986 2320 1152 2384 marmoris
1175 2339 1273 2384 uenae
1298 2324 1408 2400 potum

282 2421 403 2487 cunctis
426 2440 573 2488 uomuere
595 2424 814 2506 multiplicem.
837 2424 886 2489 his
903 2425 1004 2488 tribus
1021 2440 1093 2503 ergo
1109 2426 1201 2489 rebus
1216 2424 1279 2487 iarn
1295 2441 1410 2505 magna

282 2522 331 2587 sui
363 2525 516 2590 nuntians
549 2527 743 2591 sacramenta
775 2526 917 2609 mysterii
948 2526 1091 2592 Christus
1121 2527 1188 2590 erat
1221 2529 1254 2591 in
1287 2527 1409 2608 pelago,

284 2624 428 2694 Christus
452 2628 484 2693 in
507 2648 595 2713 pane,
619 2629 764 2695 Christus
787 2629 821 2692 in
843 2646 925 2695 saxo.
1419 2654 1445 2693 aa

232 2744 271 2807 12
325 2747 441 2827 Asella,
465 2748 529 2812 uile
551 2767 645 2831 pecus
676 2748 708 2812 et
729 2748 888 2828 stolidum,
917 2748 1074 2831 angelicae
1097 2748 1263 2831 potestatis
1291 2747 1408 2810 uisiona

332 3019 516 3072 2inmens*m
533 3019 577 3086 H,
613 3021 770 3074 immensam
790 3021 862 3077 Gall.
881 3022 963 3079 Areo.
1065 2992 1177 3091 abys¹um
1200 3021 1227 3072 P
1328 3018 1408 3071 3re-

280 3104 398 3157 censione
420 3105 454 3157 H
552 3106 720 3160 4mollibus
743 3108 774 3158 H
875 3108 1008 3175 periclic
1111 3107 1230 3175 bplane
1252 3104 1296 3171 H,
1331 3105 1411 3172 plane.

280 3221 352 3262 corr.
370 3211 443 3262 Μ
545 3211 562 3263 7
584 3226 621 3264 nn
645 3226 751 3266 manua
775 3227 849 3270 oven
872 3226 1071 3267 arcamariani
1089 3193 1150 3267 x'rur
1170 3209 1211 3273 R,
1245 3225 1282 3262 aa
1304 3221 1411 3262 nmina

280 3326 410 3366 omasum
436 3327 519 3367 annm
545 3327 621 3367 nana
648 3329 704 3372 ova
731 3329 929 3370 suoumcnssu
954 3300 1017 3371 ruffi
1042 3316 1086 3379 H,
1122 3316 1154 3368 de
1177 3329 1276 3367 manna
1298 3311 1411 3365 caelitus

280 3396 367 3450 eidem
384 3398 457 3465 plebi
476 3397 576 3451 datae
678 3402 695 3454 8
721 3403 807 3454 uictos
835 3401 866 3454 H
969 3401 1113 3469 angelicos]
1137 3416 1158 3454 s.
1178 3401 1195 3454 1.
1213 3401 1285 3452 Μ
1312 3398 1347 3451 H

280 3483 297 3536 9
315 3498 480 3567 panemquac
497 3485 524 3537 P
636 3486 716 3538 caelis
734 3486 778 3539 H¹
807 3487 930 3540 caelestis
948 3502 1018 3541 corr.
1036 3503 1069 3540 m.
1088 3489 1108 3540 2
1224 3485 1257 3540 10
1274 3484 1412 3537 aethereae

279 3617 297 3657 v
398 3578 522 3658 inrotans
541 3607 565 3671 (r
582 3622 601 3658 a
616 3623 651 3660 oa
669 3610 697 3672 2)
715 3607 743 3660 P
843 3607 876 3660 11
894 3606 989 3660 effudit
1007 3623 1037 3673 o,
1070 3606 1172 3660 effundi
1189 3608 1222 3671 P,
1254 3605 1357 3658 infudit
1374 3604 1411 3667 R,

280 3704 401 3759 infundit
427 3707 463 3761 H
597 3709 629 3764 12
654 3727 691 3764 nn
715 3724 793 3768 aava
810 3724 886 3768 avan
909 3726 945 3765 an
967 3725 1033 3765 resa
1055 3698 1107 3765 xe'r
1129 3723 1258 3764 cranaus
1281 3721 1412 3763 uramara

279 3810 321 3877 R,
368 3828 405 3865 nn
434 3826 631 3868 nncnvcrroun
661 3828 757 3874 aaran
785 3831 822 3869 aa
851 3828 945 3869 aaran
975 3816 1027 3870 Hc
1165 3799 1263 3898 auruca
1292 3814 1320 3879 (u
1351 3827 1411 3879 exp.

279 3932 314 3972 m.
332 3918 363 3986 2)
381 3918 420 3977 H,
497 3918 605 4004 spitiens
623 3920 651 3973 P
743 3920 776 3973 13
792 3921 854 3989 qua]
874 3920 920 3988 qui
940 3919 972 3973 H
1061 3918 1153 3972 ardor*
1170 3918 1206 3972 H
1297 3917 1330 3970 14
1347 3914 1409 3983 qua]

281 4051 362 4105 quam
389 4039 421 4093 H
533 4039 648 4095 bibendo
674 4041 710 4097 H
824 4042 856 4094 15
882 4042 1021 4109 stupentes
1048 4041 1076 4093 P
1195 4039 1227 4092 17
1252 4008 1357 4103 ciceiam
1385 4038 1411 4098 (a

280 4137 360 4189 arce„
377 4140 391 4177 c
409 4141 429 4178 a
445 4127 615 4193 m.2)1³·
682 4128 715 4181 18
732 4142 839 4180 uomere
856 4127 891 4180 H
989 4126 1044 4180 iam
1061 4124 1141 4179 rebus
1159 4124 1218 4178 RH
1318 4121 1353 4173 21
1374 4135 1411 4173 na

281 4221 369 4263 asnia
390 4225 508 4266 sanun
531 4227 587 4271 ova
610 4226 736 4269 nuum
757 4226 867 4268 acorna
889 4228 940 4267 asu
962 4211 1002 4276 R,
1044 4227 1080 4264 nn
1105 4223 1262 4264 noovurcrrrr
1287 4220 1411 4261 asamar

280 4296 313 4347 H
328 4294 460 4365 (Balaam)
485 4315 501 4353 v
603 4299 635 4353 ic
657 4298 693 4352 H
711 4300 835 4368 capitata
852 4302 887 4353 12
904 4305 931 4353 et
948 4301 983 4352 13
1005 4296 1104 4352 ardiae
1126 4297 1286 4350 incarcere
1309 4294 1411 4362 excipi·

278 4386 332 4436 amt
435 4400 465 4438 aa
482 4385 644 4441 stolidumc
