3106 5250
744 433 927 501 Appendir.

616 756 677 838 il'·
713 757 935 841 LIBRVll
970 758 1053 841 llll.

161 1016 260 1055 „142
314 985 494 1043 Placidus
525 986 552 1042 ·i·
581 983 763 1057 tranquillas.
809 984 922 1042 Iudea
954 986 1127 1056 generaliter
1164 1002 1284 1057 regnum
1319 1002 1413 1044 omne

268 1090 418 1148 Iudeorum
441 1087 558 1157 dicitnr,
583 1085 749 1159 specialiter
773 1102 841 1145 uero
865 1086 919 1144 illa
940 1104 1007 1159 pars
1031 1087 1323 1161 meridianamque
1341 1090 1413 1147 erat

266 1190 451 1251 Hierusalem
479 1191 510 1248 et
536 1187 631 1248 tribus
661 1189 749 1246 ludea
778 1192 807 1245 et
835 1187 988 1247 Beniamin
1017 1208 1079 1248 oum
1108 1191 1187 1249 tribu
1214 1191 1410 1266 sacerdotali,

265 1310 339 1367 quae
362 1294 449 1352 etiam
472 1293 562 1351 Iudea
585 1291 758 1365 appellatur.
804 1290 971 1351 (lamalus
993 1309 1129 1365 agraeoo
1147 1294 1237 1363 uenit,
1262 1294 1342 1367 quod
1360 1298 1410 1353 est
1434 1315 1449 1355 e

265 1398 355 1457 tamir
377 1396 404 1453 ·i·
427 1412 555 1464 curuum,
578 1396 622 1453 est
644 1394 717 1452 enim
740 1411 858 1452 curuum
882 1395 999 1465 animal,
1023 1413 1139 1454 curuum
1162 1396 1192 1455 'et
1212 1396 1408 1469 gibberosum

264 1502 363 1573 aptum
391 1498 518 1558 ferendis
548 1496 694 1557 oneribus.
738 1497 961 1556 Fertilitata
983 1498 1010 1555 ·i·
1034 1499 1244 1558 habundantia.
1290 1499 1407 1560 Velle

264 1605 322 1663 eat
345 1602 371 1661 ·i.
395 1602 531 1661 uoluntas
554 1600 634 1658 illius
657 1615 728 1673 opus
751 1602 804 1659 est.
849 1600 1054 1662 Mitesoere
1078 1602 1104 1659 ·i·
1126 1604 1272 1662 uilescere.
1313 1604 1405 1663 Sen-

264 1723 341 1766 sum
364 1706 392 1763 ·i·
415 1702 608 1763 substantiam
630 1719 661 1761 ·s·
685 1702 841 1762 auferendo
860 1705 897 1763 ab
919 1705 961 1762 eis
977 1704 1200 1765 sollicitudinem
1215 1705 1401 1769 diuitiarum.

263 1808 337 1867 Hoo
360 1805 596 1881 impossibile
618 1807 690 1878 est,
714 1808 747 1864 ut
762 1806 844 1865 dines
858 1808 970 1865 amator
986 1807 1152 1866 diuitiarum
1167 1808 1351 1882 ingrediatur
1368 1813 1403 1871 in
1415 1834 1444 1872 ro

263 1930 384 1986 reguum
407 1912 558 1973 caelorum.
596 1910 642 1968 At
664 1910 740 1969 alto
763 1910 814 1969 deo
836 1910 976 1985 possibile
999 1914 1044 1970 est
1066 1912 1203 1981 onmeuis,
1235 1913 1303 1985 quia
1333 1914 1403 1987 ipsa

263 2016 360 2091 potest
381 2014 485 2086 faeere,
511 2016 543 2071 ut
566 2012 647 2071 diues
670 2012 789 2071 diuitias
812 2030 879 2072 suas
901 2014 1076 2087 pauperibus
1100 2015 1210 2073 tribuat
1233 2018 1262 2073 et
1284 2032 1402 2089 pauper

262 2119 360 2177 faetus
383 2119 466 2176 deum
488 2118 636 2189 sequatur.
681 2116 829 2189 Aerugo
852 2119 883 2176 et
900 2117 1003 2189 rubigo
1018 2117 1120 2176 uitium
1136 2120 1181 2176 est
1195 2117 1399 2194 metallorum3

263 2238 368 2296 aerugo
391 2237 459 2279 uero
482 2222 611 2294 segetum
645 2220 723 2277 diota
753 2219 892 2293 abente,
923 2238 956 2280 eo
979 2221 1055 2294 quod
1077 2238 1193 2279 aureum
1217 2221 1340 2281 colorem
1366 2226 1398 2282 in

262 2342 293 2385 se
315 2326 432 2387 habeat.
477 2324 591 2383 Tinea
614 2326 659 2382 est
680 2325 789 2383 uerutis
812 2324 947 2397 quiequid
969 2325 1094 2383 conterit
1118 2326 1250 2396 adurens,
1274 2328 1303 2383 et
1327 2343 1436 2399 per-1⁵

261 2428 336 2487 tinet
358 2429 395 2487 ad
417 2430 525 2497 uestes
549 2444 654 2500 aerugo
677 2445 745 2486 uero
761 2428 796 2485 ad
813 2445 921 2487 aurum.
961 2427 988 2484 N
995 2444 1032 2485 oo
1052 2427 1246 2503 famulatur
1261 2429 1288 2486 ·i·
1305 2431 1396 2489 oboe-

262 2534 315 2607 uit,
346 2533 415 2605 quia
437 2533 484 2590 hie
507 2531 665 2590 famulatur
687 2548 787 2589 aurum
811 2531 934 2601 furibus,
958 2548 1021 2588 oum
1044 2549 1075 2589 se
1098 2532 1241 2604 permittit
1271 2532 1396 2595 auferri.

261 2634 462 2693 Considere
490 2653 508 2693 a
537 2635 623 2694 uerbo
658 2634 719 2693 sido
754 2634 834 2705 aidis,
869 2635 1016 2692 oonsidore
1038 2634 1065 2691 ·i·
1086 2634 1221 2693 residere.
1267 2634 1396 2707 Vagas

261 2756 372 2797 auras
396 2740 422 2798 ·i·
447 2755 567 2795 uacuum
591 2755 695 2797 aerem.
735 2737 920 2796 Bethania
940 2738 1053 2796 uitulus
1070 2742 1114 2797 est
1129 2738 1162 2797 in
1177 2739 1268 2796 latere
1283 2739 1396 2797 montis

259 2840 359 2901 olineti
381 2842 460 2899 mille
482 2840 617 2913 passibus
642 2841 678 2898 ab
693 2840 878 2899 Hierusalem
901 2842 1022 2900 distans.
1058 2841 1167 2899 l'ious
1190 2842 1295 2900 dieitur
1311 2859 1328 2899 a
1346 2842 1432 2901 fe-ao

260 2944 415 3015 canditate,
432 2943 587 3016 aliquando
601 2940 677 3001 enim
688 2962 804 3017 pomum
816 2946 957 3002 maturum
970 2944 1067 3016 habet,
1082 2945 1234 3018 aliquando
1246 2944 1393 3005 acerbum.

258 3048 427 3107 Frondea
445 3064 495 3121 pro
512 3046 649 3105 frondosa
664 3048 745 3107 dixit.
770 3049 928 3106 Frondeum
945 3050 989 3106 est
1005 3048 1080 3120 quod
1096 3051 1259 3106 constater
1275 3046 1393 3106 frondi·

259 3150 313 3209 bus
336 3151 362 3208 ·i·
386 3169 420 3209 ex
447 3151 551 3223 uirgis,
581 3151 654 3207 unde
678 3152 711 3209 ut
732 3167 818 3209 scena
840 3150 867 3208 ·i·
890 3150 1096 3221 umbraculum,
1131 3151 1296 3211 frondosum
1319 3168 1393 3209 uero

259 3254 334 3328 quod
357 3254 447 3314 habet
469 3254 584 3313 frondes
616 3256 691 3312 siout
719 3255 812 3312 arbor.
858 3253 1034 3326 Repperit
1064 3254 1241 3312 esuriens
1269 3270 1302 3310 s.
1330 3271 1392 3313 uon

259 3357 324 3416 ideo
347 3358 492 3432 quaesiuit
515 3358 646 3416 dominus
670 3357 794 3415 fruetnm
817 3357 845 3414 in
873 3357 927 3415 ficu
951 3357 997 3414 uel
1013 3358 1088 3429 quod
1105 3358 1229 3430 ignorat,
1245 3357 1312 3430 quia
1329 3373 1429 3421 nouos

259 3464 323 3519 erat
344 3462 465 3532 tempus,
483 3463 512 3518 et
528 3463 685 3519 seeundum
701 3460 909 3532 euangelistam
927 3477 982 3518 non
1000 3461 1062 3517 erat
1075 3462 1199 3535 tempus,
1216 3463 1249 3520 ut
1265 3461 1390 3519 haberet

259 3563 391 3622 fructum.
425 3563 499 3633 Quid
522 3579 590 3635 ergo
606 3563 737 3635 peooauit
761 3565 866 3621 arbor?
889 3562 981 3637 Nihil,
1006 3565 1053 3620 sed
1073 3563 1124 3621 illa
1140 3565 1225 3624 arbor
1240 3563 1389 3637 signifieat

258 3682 435 3740 synagogam
458 3666 619 3737 Iudeorum,
643 3666 692 3723 nbi
716 3666 853 3724 Dominus
876 3665 986 3724 nullum
1011 3665 1135 3723 fructum
1151 3666 1261 3724 inuenit
1276 3668 1305 3723 et
1320 3666 1387 3724 ideo

257 3769 405 3827 maledixit
428 3768 481 3828 illi.
520 3768 669 3842 Stipite.
704 3769 799 3841 Stipes
822 3772 867 3825 est
889 3768 1004 3840 proprie
1026 3769 1154 3841 truncus,
1178 3770 1212 3827 do
1234 3785 1288 3841 quo
1311 3770 1385 3827 rami

256 3873 414 3946 procedunt
437 3889 467 3928 ·s.
491 3871 537 3929 hio
559 3889 611 3944 pro
634 3871 695 3929 tota
717 3872 816 3929 arbore
839 3870 943 3943 posuit.
982 3871 1085 3929 Snois
1102 3872 1128 3930 ·i·
1145 3871 1249 3944 uirore,
1265 3871 1425 3936 uiduareeo

258 3978 303 4033 est
332 3974 541 4047 derelinquere,
573 3975 640 4033 inde
671 3974 759 4032 uidua
781 3975 926 4033 derelicta.
972 3974 1033 4032 Nil
1057 3976 1190 4034 fertile
1213 3975 1385 4033 nutriti.

256 4075 331 4135 nihil
368 4078 446 4135 boni.
490 4078 574 4135 Modo
612 4077 788 4149 allegorizet.
833 4074 981 4148 Allegoria
1014 4079 1059 4135 est
1096 4077 1230 4148 inuersio,
1267 4078 1384 4150 quando

307 4359 495 4425 (igiberosum
513 4360 541 4414 A
618 4359 775 4413 {inferendo
794 4358 820 4412 A
899 4360 932 4412 19
950 4359 1069 4412 uictulus
1087 4361 1114 4413 A
1183 4360 1218 4413 20
1235 4359 1269 4413 ad
1286 4360 1314 4413 A
