3106 5250
157 452 222 517 320
629 450 812 521 appendix.

153 644 229 704 sicut
264 643 335 704 dicit
371 642 493 705 ‘Pascha
526 642 662 705 nostrum'
695 648 722 705 ·i·
752 646 995 717 Christianorum,
1026 664 1083 706 non
1114 648 1297 709 Iudaeorum

156 744 329 810 ‘immolatus
352 752 397 808 est
421 744 573 809 Christus'.
602 749 651 809 Illi
673 750 819 809 habebant
835 752 945 825 pascha
962 752 1126 825 pecuinum,
1149 770 1205 813 nos
1220 771 1296 815 uero

55 852 294 921 erardiuinum.
325 852 394 911 Cum
417 853 488 911 dicit
510 868 587 913 cum
608 854 713 925 patre
736 856 772 911 et
795 854 937 926 spiritu
958 859 1083 914 sancto
1107 856 1297 915 demonstrat

154 972 203 1017 eos
218 958 247 1016 in
272 957 423 1017 diuinitate
447 973 511 1015 esse
528 956 673 1033 aequales,
697 956 764 1029 quia
780 956 898 1015 Arriani
921 957 1053 1017 dicebant
1078 954 1184 1032 ‘gratia
1207 960 1295 1032 patri

154 1058 185 1119 iu
207 1055 287 1131 lilio'‚
311 1061 400 1119 filium
423 1060 560 1119 minorem
581 1061 663 1132 patre
686 1062 858 1120 asserentes.

526 1343 910 1427 intueatur.

57 1578 80 1609 v.
94 1568 146 1609 1-e
197 1548 406 1611 Paschales
428 1554 455 1610 ·i·
479 1552 642 1612 sollemnes.
676 1552 869 1625 Metaphorice
892 1551 1047 1626 alloquitur
1070 1552 1207 1613 lectorem
1232 1557 1291 1613 sub

153 1655 247 1728 speeie
281 1656 418 1715 conuiuae
452 1656 581 1714 inuitans
617 1657 651 1713 ad
686 1654 821 1727 paschale
845 1672 960 1713 carmen
988 1654 1080 1714 ueluti
1108 1658 1143 1715 ad
1171 1673 1288 1717 cenam.

153 1758 310 1817 Paschales
332 1760 417 1818 uocat
432 1758 521 1831 dapes
538 1758 679 1819 caelestia
694 1758 839 1833 mysteria.
878 1758 1082 1833 Dignatus,
1098 1760 1290 1833 participium

152 1877 205 1934 pro
229 1860 316 1921 uerbo
340 1863 366 1921 ·i·
391 1862 520 1933 dignare.
565 1862 797 1921 Accubitare
820 1861 900 1935 dicit,
925 1862 993 1935 quia
1015 1861 1127 1936 antiqui
1150 1862 1289 1922 cubando
1300 1884 1325 1923 ro

152 1964 344 2037 prandebant.
382 1965 425 2023 Su
432 1964 645 2038 percilium:
670 1965 767 2025 cilium
789 1964 894 2022 dicitur
915 1981 983 2039 pars
999 1964 1127 2037 corporis
1143 1965 1170 2022 ·i·
1186 1966 1287 2041 pellis,

152 2082 210 2139 qua
231 2068 372 2141 teguntur
388 2068 477 2139 oculi;
503 2064 617 2126 ‘cillere'
642 2067 740 2127 dicunt
756 2068 857 2128 Graeci
874 2085 995 2141 mouere,
1014 2068 1081 2127 inde
1097 2068 1163 2128 cilia
1179 2068 1287 2127 dicun·

153 2170 201 2227 tnr
233 2188 251 2229 a
283 2173 433 2243 mouendo,
469 2170 544 2231 sicut
572 2172 728 2245 palpebrae
757 2189 773 2230 a
802 2172 981 2245 palpitando.
1015 2172 1093 2230 Hinc
1127 2171 1288 2244 supercilia

154 2270 290 2332 dicuntur
311 2273 374 2347 pili,
398 2275 447 2349 qui
469 2276 665 2348 superminent
689 2274 789 2334 oculis.
816 2274 936 2333 Ponitur
958 2275 1006 2333 hic
1029 2274 1214 2349 supercilium
1231 2293 1286 2348 pro

153 2377 299 2451 superbia,
328 2393 400 2450 quae
429 2376 552 2437 maxime
576 2377 665 2438 oculis
688 2377 923 2451 deprehenditur.
969 2379 1064 2438 Pone
1086 2394 1136 2451 pro
1160 2379 1284 2450 depone,
1298 2402 1325 2442 15

154 2482 184 2539 et
212 2481 256 2539 est
280 2481 455 2554 aphaeresis.
490 2480 552 2541 Hoc
580 2497 696 2540 carmen
724 2480 788 2541 ideo
818 2482 954 2554 paschale
985 2484 1079 2553 uocat,
1107 2480 1174 2555 quia
1202 2480 1286 2539 illius

153 2584 223 2656 agni
249 2583 328 2642 facta
355 2586 464 2655 narrat,
494 2584 544 2658 qui
576 2579 691 2657 ‘pascha
719 2585 848 2643 nostrum
871 2584 1037 2643 immolatus
1060 2586 1105 2643 est
1127 2579 1283 2643 Christus'.

153 2684 366 2759 cognoscas
401 2686 428 2744 .i.
462 2685 631 2759 intellegas;
666 2687 744 2745 inter
778 2703 947 2759 cognoscere
975 2689 1005 2744 et
1039 2703 1193 2761 agnoscere
1228 2687 1285 2746 hoc

153 2787 259 2848 distat:
284 2790 480 2861 cognoscimus
504 2807 574 2864 quos
598 2807 744 2864 nunquam
767 2790 901 2863 uidimuS‚
931 2792 1114 2864 agnoscimus
1136 2807 1207 2864 quos
1224 2790 1284 2849 iam

153 2890 287 2949 uidimus.
331 2893 509 2965 Amicum,
532 2894 639 2952 amicus
663 2895 746 2967 quasi
770 2895 858 2953 animi
883 2902 979 2953 custos
995 2894 1042 2954 uel
1059 2894 1148 2953 animi
1163 2910 1283 2966 aequus.
1296 2918 1325 2959 ao

154 2993 337 3053 Artificis
356 2995 380 3051 i·
397 2995 557 3056 artificalis.
589 2998 643 3055 Est
660 3000 755 3056 autem
772 2997 920 3056 artificalis
937 2999 1024 3057 codex
1039 2996 1198 3071 pompatice
1214 3012 1284 3054 con-

153 3097 266 3171 positus
290 3099 445 3157 secularem
467 3102 593 3159 retinens
612 3100 816 3175 eloquentiam,
840 3101 931 3159 diuini
947 3102 1040 3159 autem
1063 3099 1131 3158 libri
1146 3099 1231 3156 nudis
1254 3101 1285 3158 et

153 3199 333 3275 simplicibus
349 3205 483 3262 constant
497 3204 603 3263 uerbis.
621 3205 769 3264 Saciare
784 3205 810 3262 ·i·
827 3206 946 3277 replere,
963 3221 995 3262 ac
1009 3204 1034 3261 si
1051 3203 1173 3279 diceret:
1188 3202 1284 3273 magis

154 3303 241 3363 debes
264 3305 368 3376 repleri
391 3307 454 3366 cibo
477 3306 605 3381 spiritali
628 3323 711 3380 quam
735 3306 886 3380 corporali.
915 3306 1000 3366 (tibus
1016 3308 1061 3365 est
1076 3307 1169 3364 uictus
1185 3305 1283 3363 coctus

154 3406 216 3463 esui
239 3406 385 3465 hominum
408 3407 521 3465 tantum
544 3409 637 3479 aptus,
665 3423 730 3464 nam
746 3406 921 3479 reliquorum
938 3405 1107 3465 animalium
1125 3400 1220 3463 crudis
1238 3406 1323 3470 est25

153 3507 257 3567 uictus.
292 3508 367 3567 Hinc
396 3511 425 3568 et
453 3510 529 3583 apud
559 3507 683 3568 Graecos
712 3510 740 3566 et
768 3509 852 3568 bomo
876 3512 905 3566 et
928 3508 1010 3568 cibus
1035 3508 1127 3567 brosis
1151 3507 1281 3576 uocatur,

154 3626 187 3669 eo
210 3610 286 3684 quod
315 3612 393 3671 solus
427 3611 458 3670 in
493 3611 666 3670 animalibus
689 3613 769 3670 cocto
793 3611 856 3669 cibo
879 3612 988 3673 utatur.
1033 3610 1142 3669 cenis
1166 3609 1192 3666 ·i·
1216 3626 1281 3667 car·

258 3830 273 3882 1
294 3826 327 3881 cf.
346 3827 360 3879 I
378 3826 437 3881 Cor.
456 3830 481 3891 b,
500 3829 515 3880 7

206 4035 223 4088 b
240 4034 357 4103 Explicit
373 4023 451 4091 ᾗῇ
465 4036 492 4088 A
513 4023 601 4098 (neore
618 4048 702 4089 urana
719 4048 740 4086 e.
758 4033 774 4085 l.
794 4049 828 4087 m.
842 4034 887 4099 2),
923 4032 1030 4099 explicit
1048 4029 1169 4098 Epistola
1187 4028 1213 4080 B

155 4128 516 4225 mfflmanma
604 4140 961 4221 abmmnmbn
1049 4147 1214 4204 numa

156 4229 301 4314 racemos
324 4260 380 4312 AB
493 4259 524 4312 16
548 4258 725 4345 nilamnion,
758 4242 945 4342 efferesrsisB
1049 4254 1081 4306 17
1100 4252 1191 4305 narrat
1209 4232 1284 4304 Iacta

156 4380 182 4433 B
285 4379 319 4432 20
337 4395 418 4447 equus
436 4379 491 4432 AB
594 4378 628 4432 26
645 4378 730 4446 prosis
748 4379 803 4431 AB
