3106 5250
502 480 649 549 Remigii
665 442 852 550 expositio.
1181 486 1244 550 323

114 675 227 733 nemine
262 673 410 732 artificiosi
445 675 595 732 uocantur.
632 672 708 732 Hine
736 672 942 745 logedaedalee
971 673 1092 734 dicimus
1126 677 1244 735 subdole

112 778 273 851 loquentes.
318 776 558 851 habiascam,
588 776 724 835 labrusca
751 779 871 835 uocatur
906 778 1030 851 agrestis
1058 778 1137 849 uitis,
1169 780 1244 838 dicta

112 880 187 954 qnod
209 879 241 938 in
263 879 352 939 labris
375 879 487 938 uiarum
510 879 650 938 nescitur.
689 879 766 939 Vua
789 878 893 939 dicitur
909 881 993 953 quasi
1009 880 1105 952 uuida,
1121 880 1243 956 placidis

111 984 175 1043 uuis
205 1001 235 1041 s·
266 982 450 1056 euangelicae
479 981 623 1041 lectionis.
670 982 854 1041 Saliunea
882 983 935 1042 fies
962 983 1008 1043 cst
1031 1001 1114 1044 rosae
1137 986 1242 1047 similis

89 1105 142 1154 5·s·
171 1085 271 1158 fetida,
302 1087 381 1145 dicta
409 1103 426 1143 a
460 1084 588 1145 saliendo
612 1102 643 1144 eo
677 1086 753 1158 qued
788 1084 845 1144 cite
880 1085 1001 1161 crescat,
1024 1105 1107 1161 ¹quiae
1139 1106 1242 1162 graece

112 1188 271 1248 eruitunica
294 1190 428 1260 uocatur3
459 1187 618 1246 saliuncam
640 1188 733 1246 mitt-it
755 1205 807 1260 pro
830 1188 1005 1261 gentilitate.
1043 1191 1153 1263 Faue,
1176 1192 1241 1251 fene

110 1309 211 1367 graece
241 1310 310 1363 uox3
341 1292 408 1350 hiuc
437 1290 537 1350 fanum
564 1292 672 1351 dieitur
699 1293 839 1364 templum
868 1310 900 1351 eo
929 1292 1004 1364 qued
1037 1292 1078 1351 ibi
1104 1312 1241 1367 responsa

110 1396 262 1469 dabantur,
287 1397 318 1453 et
339 1395 478 1469 profanus
501 1394 586 1468 quasi
608 1411 691 1467 perro
721 1413 738 1452 a
767 1395 833 1453 fane
858 1396 883 1452 ·i·
907 1397 991 1469 lenge
1014 1413 1031 1453 a
1054 1397 1160 1470 temple
1183 1398 1239 1459 dei.

109 1499 281 1559 Metellis
311 1499 337 1556 ·i·
368 1497 540 1557 simulacris.
585 1498 703 1572 Inger
732 1501 776 1555 est
798 1500 938 1571 quantum
959 1514 1012 1569 pur
1035 1499 1120 1558 boum
1143 1503 1241 1573 petest

74 1618 191 1668 narare
214 1602 244 1660 in
268 1602 323 1660 die.
359 1602 496 1676 Plagae
520 1602 547 1658 ·i·
571 1601 697 1670 climata,
718 1602 759 1661 ·V·
779 1617 866 1660 uenae
888 1602 955 1659 sunt
977 1603 1085 1673 mundi,
1108 1603 1171 1661 ·III·
1194 1604 1240 1661 in·

108 1704 282 1765 habitabiles
305 1706 335 1763 et
364 1706 437 1764 duee
466 1703 650 1765 habitabiles.
695 1703 835 1763 Toxica
857 1705 952 1762 antem
973 1706 1059 1762 uocat
1081 1705 1239 1766 saecularia

109 1810 235 1870 carmina
258 1810 360 1869 uilium
383 1826 488 1884 rerum,
512 1824 583 1881 quae
607 1807 715 1866 ducunt
737 1806 881 1866 hominem
904 1808 933 1865 in
949 1808 1068 1867 tartara.
1107 1808 1239 1868 Vireta

108 1916 136 1974 ·i·
159 1914 299 1984 uirentia,
324 1929 472 1971 amoenum
495 1911 600 1969 dieitur
620 1910 702 1982 quasi
717 1909 865 1968 amnnium
880 1910 907 1967 ·i·
923 1910 988 1969 sine
1004 1910 1098 1970 oifieio
1114 1910 1142 1968 ·i·
1158 1911 1238 1970 locus

106 2018 220 2074 tantum
241 2014 386 2087 uoluptati
408 2016 502 2085 aptus.
547 2012 615 2071 Per
637 2011 778 2070 latices
800 2013 828 2069 ·i·
850 2028 902 2084 per
924 2013 1110 2086 baptismum.
1153 2013 1236 2072 Aui-

69 2118 256 2182 curantur
278 2116 305 2172 ·i·
329 2116 520 2189 unificamur,
550 2118 605 2175 hoc
627 2118 673 2175 est
701 2116 776 2188 qued
803 2116 832 2173 in
855 2117 1005 2189 euangelio
1029 2118 1151 2190 legitur:
1183 2118 1237 2189 Qui

107 2221 172 2280 sitit
194 2220 293 2277 ueniat
316 2219 353 2277 ad
374 2235 419 2277 me
443 2220 472 2277 et
493 2218 584 2291 bibat,
609 2236 624 2276 e
661 2219 695 2277 de
717 2219 819 2277 uentre
843 2218 904 2277 eins
919 2220 1009 2277 fiuent
1025 2237 1117 2293 aquae
1133 2222 1235 2292 uiuae3

105 2325 158 2382 boc
187 2324 281 2381 autern
310 2321 425 2380 dicebat
448 2322 484 2380 de
507 2322 622 2394 spiritu,
647 2337 731 2395 quern
754 2322 900 2393 accepturi
923 2325 1008 2381 erant
1032 2326 1180 2384 credentes
1204 2327 1236 2387 in

105 2443 179 2487 curn.
225 2426 270 2484 Vt
300 2425 430 2485 messis
460 2425 486 2481 ·i·
515 2423 647 2484 collectio
677 2424 732 2485 dei.
778 2425 846 2482 Per
880 2425 1012 2484 horrea
1034 2426 1062 2483 ·i·
1096 2428 1235 2489 caelestes

105 2530 281 2589 mansiones.
319 2529 418 2586 Marx
441 2526 544 2586 mercis
567 2527 593 2583 ·i·
615 2526 738 2598 luorum,
754 2543 860 2586 merces
874 2528 1012 2587 mercedis
1028 2531 1053 2587 ·i·
1069 2531 1233 2594 retributio.

69 2634 367 2708 coomnipotens:
391 2631 483 2690 oratio
506 2633 616 2703 poetae.
655 2630 841 2704 Omnipotens
864 2632 1051 2704 compositum
1075 2634 1120 2692 est
1142 2637 1178 2693 ab
1202 2653 1233 2695 eo

103 2738 226 2810 nemine,
257 2739 331 2810 qued
361 2739 406 2795 est
434 2736 530 2794 emnia
559 2736 588 2793 et
614 2737 727 2810 petens,
756 2734 940 2809 participium
962 2736 1038 2807 qued
1060 2738 1174 2810 proprie
1197 2739 1234 2797 ad

103 2845 186 2901 deum
208 2841 345 2915 pertinet.
382 2840 435 2898 Est
458 2840 555 2897 autem
571 2837 791 2913 eunomiumne,
808 2854 880 2911 quae
896 2838 1108 2911 comparatione
1123 2843 1232 2912 carent,

102 2962 174 3018 quae
195 2944 229 3003 fit
250 2945 283 3002 in
307 2944 435 3016 augendo
450 2942 501 3000 aut
523 2941 552 2999 in
567 2942 733 3002 minuendo.
767 2940 953 3013 Omnipotens
977 2941 1053 3000 enim
1076 2945 1128 3014 est,
1152 2944 1233 3003 cuius

102 3047 233 3119 petentia
265 3061 316 3104 nee
351 3045 450 3118 augeri
483 3060 536 3104 nec
570 3043 660 3103 minui
693 3044 799 3115 petest,
833 3042 952 3116 ideoque
985 3058 1039 3102 nec
1063 3047 1232 3117 comparari.

68 3150 210 3213 25Petens
227 3150 322 3208 autem
337 3149 459 3221 simplex
474 3147 579 3206 dieitur
594 3145 679 3220 quasi
694 3148 799 3220 patens
822 3162 854 3204 ee
870 3147 943 3219 quod
960 3144 1004 3203 illi
1016 3146 1110 3203 emnia
1121 3149 1231 3220 patent.

102 3252 277 3325 Aeterne,
307 3251 454 3310 aeternum
485 3268 502 3309 a
529 3266 631 3322 graece
660 3250 808 3307 deriuatur
834 3248 908 3321 qued
931 3249 975 3306 est
996 3264 1058 3317 een,
1081 3250 1156 3321 quod
1178 3267 1230 3324 pre

101 3355 238 3428 perpetue
263 3353 412 3426 accipitur.
452 3354 546 3411 Deus
568 3368 670 3426 g1·aeee
688 3352 775 3411 timer
797 3351 1014 3425 interpretatur,
1032 3349 1112 3409 uenit
1135 3354 1230 3411 autem

101 3477 119 3515 a
141 3474 243 3530 graeco
269 3452 385 3515 ‘theero'
410 3456 438 3512 ·i·
453 3454 545 3515 uideo.
570 3454 702 3513 Sednlius
718 3455 765 3512 hie
780 3469 886 3512 merem
902 3453 1085 3525 antiquorum
1100 3456 1230 3513 seruauit

101 3566 250 3634 poetarum
282 3563 310 3618 et
332 3560 454 3619 maxime
477 3559 604 3633 Virgilii,
626 3558 776 3632 preposuit
799 3557 884 3627 enim,
908 3557 1063 3627 inuocauit,
1088 3557 1227 3619 narrauit.

64 3689 89 3729 30
100 3665 167 3724 Pro
177 3663 276 3722 cella
291 3662 398 3721 <licitur
416 3680 450 3721 ee
466 3664 540 3736 qued
555 3661 697 3736 percellat
713 3661 841 3720 hemines
856 3662 959 3718 timere
974 3662 1021 3720 uel
1038 3668 1126 3718 naues
1141 3661 1227 3719 unda.

100 3767 159 3826 Sel
184 3767 290 3825 dicitur
312 3783 344 3825 ee
367 3768 443 3838 qued
458 3766 537 3825 selus
553 3768 674 3839 apparet
689 3764 719 3822 in
735 3764 798 3835 die;
815 3764 884 3822 luna
900 3763 1006 3822 dieitur
1023 3763 1105 3837 quasi
1121 3762 1226 3835 lucina,

99 3887 133 3928 ea
160 3872 204 3928 est
234 3872 263 3928 et
288 3869 368 3928 Iuno.
404 3869 487 3941 Apud
517 3867 642 3940 gentiles
671 3866 777 3924 dicitur
805 3865 899 3924 lucina
927 3881 959 3923 eo
982 3864 1055 3938 qued
1082 3864 1114 3923 in
1136 3866 1226 3924 lucem

97 3973 282 4032 nascentibus
304 3972 418 4045 praeest
440 3971 597 4030 seeundum
620 3970 808 4029 deliramenta
831 3967 994 4041 gentilium.
1028 3968 1109 4026 Luna
1131 3968 1226 4027 autem

199 4153 458 4219 mamam

150 4325 320 4393 llegedelos
337 4324 405 4377 A¹B
501 4322 613 4376 subdole
632 4322 699 4376 A¹B
795 4324 871 4375 lest
887 4337 937 4377 eru.
957 4324 982 4375 A
1082 4323 1115 4376 17
1134 4323 1223 4394 autem

95 4444 146 4483 erre.
164 4431 191 4481 A
293 4427 328 4481 30
345 4428 423 4480 nauis
441 4429 468 4481 A

1064 4532 1119 4584 21*
