3106 5250
289 486 353 549 342
762 482 947 551 Appendix.

144 700 165 729 v.
180 679 451 735 marementernm
481 679 617 750 suscepta
647 676 703 751 est,
735 678 843 750 quanta
873 692 933 735 non
956 674 1052 735 fuerat
1075 676 1216 750 apposita.
1265 676 1375 735 Diem
1413 680 1441 737 ·i.

291 778 388 839 solem.
413 778 543 838 Pallor
559 777 586 836 ·i·
602 779 730 851 nigredo.
749 778 896 838 Poetieum
912 779 1049 852 estquod
1065 778 1136 837 dicit
1151 780 1346 851 rapiente,
1367 798 1441 854 poe-

289 884 336 941 tae
364 884 441 941 enim
469 882 569 941 dieunt
598 884 687 941 solem
716 898 779 941 sere
809 884 900 955 mergi
930 882 962 940 in
985 896 1101 952 oeearre,
1132 898 1213 940 mane
1244 898 1376 956 surgere
1406 884 1442 943 in

289 984 410 1045 oriente.
455 986 650 1057 Hesperus
680 983 766 1043 stella
798 987 853 1062 est,
886 999 958 1057 quae
988 984 1082 1057 surgit
1105 988 1172 1058 pest
1195 1000 1334 1044 occasum
1363 988 1441 1046 selis

289 1090 320 1148 et
342 1091 462 1147 uocatur
484 1088 582 1148 Venus
598 1088 693 1147 media
707 1091 800 1159 noete,
819 1106 903 1147 mane
921 1104 989 1147 uere
1005 1088 1132 1148 Lucifer.
1170 1090 1267 1147 Arna
1284 1090 1312 1147 ·i·
1331 1089 1442 1162 plani·
1464 1109 1478 1149 s

287 1192 345 1251 ties
367 1192 465 1252 marie.
500 1194 580 1250 Arna
603 1194 670 1249 sunt
692 1191 828 1265 quiequid
855 1192 1000 1249 sustinent
1016 1191 1134 1265 aliquid,
1151 1208 1222 1251 arua
1239 1192 1342 1250 auium
1363 1196 1441 1253 sunt

289 1310 370 1372 ager,
394 1311 465 1352 arua
487 1296 604 1353 nauium
620 1310 707 1364 rnare,
724 1311 795 1352 arna
810 1294 956 1352 hominum
973 1296 1061 1353 terra.
1099 1293 1254 1352 Gluueis
1272 1296 1301 1354 ·i·
1319 1296 1440 1354 uiridis

289 1398 406 1471 celoris3
440 1398 560 1471 glaucus
590 1398 697 1456 dieitur
728 1396 839 1467 uiridis,
870 1400 914 1456 est
943 1400 1037 1456 autem
1062 1399 1140 1457 color
1160 1399 1239 1458 inter
1267 1399 1376 1457 album
1409 1402 1441 1458 et

288 1503 412 1575 nigrum.
458 1501 528 1561 Sub
552 1499 654 1559 ealle
677 1501 849 1573 pedestri
872 1501 900 1558 ·i·
916 1504 969 1559 sub
985 1500 1214 1575 itinerepedum.
1253 1501 1441 1562 Genesar

289 1604 367 1678 regio
391 1605 436 1663 est
458 1606 540 1661 trans
562 1618 640 1661 mare
664 1600 791 1661 Galileae
813 1604 843 1661 et
866 1602 973 1662 dieitur
995 1602 1129 1673 Genesar,
1153 1620 1299 1677 generans
1323 1622 1479 1669 aurumne

289 1709 356 1780 sibi,
380 1708 456 1766 sieut
471 1723 549 1764 mare
565 1706 780 1779 tempestatem.
820 1706 914 1775 Quot
929 1706 956 1763 ·i-
974 1706 1085 1779 quanti.
1124 1707 1241 1781 Tyrus
1256 1708 1294 1765 et
1311 1708 1438 1768 Sidon

288 1812 425 1871 ciuitates
449 1812 518 1868 sunt
533 1810 706 1877 maritimae,
723 1810 933 1882 interpretatur
947 1812 1043 1868 autem
1059 1810 1151 1884 'l'yrus
1168 1813 1316 1888 angustia,
1336 1812 1438 1874 Sidon

289 1915 416 1989 uenatio,
441 1930 514 1987 quae
531 1914 617 1972 etiam
633 1916 700 1972 ante
716 1914 801 1971 Sarra
818 1915 974 1973 uocabatur
998 1959 1004 1972 .
1030 1960 1037 1974 .
1064 1960 1070 1971 .
1095 1914 1160 1973 Pru
1183 1914 1281 1974 uitio
1300 1917 1327 1974 ·i·
1348 1916 1435 1976 infir-

289 2018 400 2077 mitate.
446 2017 553 2075 (tham
576 2015 632 2074 fuit
654 2015 731 2074 filius
759 2016 832 2089 Noe,
855 2018 930 2074 unde
946 2032 1043 2075 omnes
1068 2016 1257 2075 Chananei
1274 2017 1433 2078 dicuntur.

289 2120 487 2192 Oderatae,
516 2120 583 2193 quia
605 2118 677 2177 cibis
708 2119 821 2178 odorem
852 2120 974 2192 aecipit3
1005 2121 1123 2178 edorum
1154 2122 1198 2178 est
1231 2121 1308 2193 quod
1331 2138 1371 2181 ex
1397 2141 1432 2183 se
1444 2148 1471 2190 15

289 2224 351 2299 ipse
373 2225 487 2283 odorem
510 2224 569 2294 dat,
585 2224 734 2281 odoratum
757 2225 831 2296 quod
854 2222 968 2281 aliunde
993 2224 1098 2295 accipit
1114 2222 1188 2282 sicut
1205 2222 1431 2297 uestimentum,

290 2327 465 2389 ederiseeum
488 2326 562 2400 qued
584 2325 746 2399 insequitur
769 2326 882 2386 ederem
906 2328 981 2385 sieut
1004 2329 1096 2389 canis.
1126 2328 1169 2386 In
1194 2328 1376 2386 sentibus
1401 2329 1431 2387 ·i·

287 2432 318 2489 in
341 2448 436 2490 errore
460 2430 646 2503 gentilitatis.
678 2429 727 2489 De
749 2429 920 2501 gramine
936 2430 964 2486 ·i·
980 2429 1015 2487 de
1031 2431 1160 2489 doctrina
1177 2429 1322 2503 euangelii
1341 2432 1372 2489 ·i·
1391 2432 1429 2492 de

288 2534 411 2595 seientia
433 2533 597 2592 diuinarum
621 2532 839 2606 seripturarum,
864 2550 936 2606 quae
956 2533 1081 2592 Hebreis
1098 2534 1183 2592 datae
1199 2535 1276 2592 sunt.
1312 2533 1429 2593 Hebrei

289 2638 365 2697 enim
386 2638 455 2695 tune
478 2637 510 2695 in
533 2638 618 2696 deum
641 2636 806 2707 eredebant,
822 2635 896 2694 aliae
913 2652 979 2694 uero
996 2638 1097 2708 gentes
1113 2639 1236 2695 nondum
1254 2636 1428 2712 eredebant,
1439 2664 1467 2704 ω

289 2739 364 2799 unde
387 2740 552 2813 psalmista:
576 2738 670 2797 Notus
692 2738 722 2795 in
745 2738 836 2797 Iudea
852 2737 932 2797 deus,
977 2737 1212 2812 Attemperat
1235 2740 1262 2796 ·i·
1286 2741 1427 2813 coaptat3

290 2859 429 2915 organum
451 2844 536 2900 necat
561 2841 656 2900 elfieia
678 2843 878 2912 membrorum,
903 2845 1035 2901 nestrum
1060 2844 1136 2902 enim
1159 2860 1261 2916 eorpus
1285 2843 1372 2916 quasi
1390 2863 1426 2903 ex

292 2944 386 3004 officie
416 2946 541 3003 musicae
570 2946 642 3003 artis
673 2948 800 3022 constat,
830 2945 899 3019 quia
922 2949 997 3005 sieut
1020 2947 1128 3005 musica
1150 2963 1197 3004 ars
1221 2946 1291 3004 feris
1315 2946 1426 3007 fidibus

290 3050 478 3121 temperatur,
509 3050 551 3107 ita
579 3066 681 3121 eorpus
708 3049 885 3122 aequalitate
908 3049 1127 3108 elementorum.
1165 3048 1240 3106 Nam
1264 3050 1425 3109 infirmitas

292 3153 419 3226 eorporis
442 3151 484 3209 nil
506 3150 585 3209 aliud
609 3151 654 3209 est
677 3150 734 3210 nisi
756 3151 948 3224 inaequalitas
975 3151 1190 3221 elementorum,
1218 3151 1329 3210 sanitas
1353 3170 1463 3215 uersas

290 3256 452 3329 aequalitas
474 3254 590 3313 illerum
605 3257 659 3314 est.
697 3256 839 3326 Organa
861 3256 1012 3314 eoncordia
1027 3257 1234 3329 membrorum3
1252 3256 1335 3313 nerui
1352 3262 1424 3315 sunt

288 3358 405 3419 uincula
439 3360 575 3430 corperis.
633 3357 862 3417 Geminanda
895 3357 921 3414 ·i·
955 3357 1176 3431 multiplicanda
1209 3375 1238 3415 ·s·
1272 3359 1295 3415 si
1331 3360 1423 3418 ieiuni

288 3462 513 3531 reuerterentur,
542 3461 603 3534 ipse
630 3460 712 3519 labor
735 3462 846 3520 itineris
869 3459 976 3519 famem
999 3463 1125 3534 augeret.
1171 3460 1246 3529 Qua
1268 3477 1298 3518 ·s·
1322 3460 1421 3521 turba.

288 3564 440 3622 Enorme
463 3564 489 3621 ·i·
515 3561 754 3637 inmensurabile;
789 3581 889 3623 norma
913 3566 958 3623 est
980 3562 1081 3637 regula
1114 3564 1159 3622 uel
1183 3581 1327 3633 mensura,
1352 3563 1422 3623 inde

289 3666 427 3747 enormis,
451 3665 531 3724 euius
554 3682 604 3738 per
627 3666 672 3724 sui
695 3666 924 3740 magnitudinem
947 3683 1081 3726 mensura
1098 3684 1155 3725 nen
1170 3668 1266 3739 potest
1281 3667 1460 3726 inuenirim

289 3767 446 3827 Secundi
464 3767 491 3825 ·i·
511 3768 639 3839 feminei,
665 3768 777 3842 primus
793 3784 878 3828 sexus
895 3769 1000 3848 uirilis,
1025 3770 1167 3829 secundus
1183 3769 1341 3827 muliebris.
1376 3768 1422 3827 Et

288 3870 430 3931 aetatis
457 3888 490 3928 ·s·
510 3872 651 3930 secundae
669 3872 694 3929 ·i.
710 3871 790 3945 pueri
809 3870 856 3930 uel
872 3873 967 3944 prima
987 3874 1067 3930 aetas
1083 3874 1127 3930 est
1143 3871 1276 3941 infantia,
1294 3873 1422 3931 secunda

288 3974 424 4050 pueritia.
463 3974 664 4047 Reliquias
689 3991 775 4033 suas
799 3976 827 4032 et
850 3974 1009 4033 eulmina
1032 3974 1131 4034 eadem
1155 3976 1233 4047 sunt,
1258 3975 1302 4031 est
1324 3975 1422 4033 autem

391 4148 542 4202 21Psalm.
561 4148 602 4214 75,
621 4148 637 4201 2

339 4316 491 4383 dgenaser
511 4317 537 4385 (a
556 4332 589 4370 ea
608 4320 631 4381 e)
650 4316 676 4367 Α
782 4315 812 4366 11
837 4313 907 4366 tirus
931 4316 957 4365 A
1062 4314 1094 4367 16
1118 4314 1201 4365 uestis
1220 4316 1291 4365 dtum
1315 4314 1356 4380 A,
1387 4315 1421 4368 ia

287 4434 339 4487 nep.
358 4418 522 4472 odoriseeum
540 4435 574 4471 m.
595 4420 614 4471 2
719 4418 752 4471 18
770 4416 797 4470 in
816 4405 883 4470 ‘rere
901 4416 940 4468 A¹
