3106 5250
264 436 328 503 332
741 438 922 507 Appendim

264 630 351 703 oligo.
386 629 431 688 Ab
453 630 506 689 hoc
530 631 590 689 loco
613 630 716 703 incipit
737 634 823 703 pocta
852 632 954 706 exequi
981 635 1056 707 quod
1078 635 1219 707 promisit.
1259 636 1410 695 Promisit

266 733 343 792 enim
367 750 398 792 se
421 732 595 807 scripturum
618 734 655 791 ab
677 734 770 793 Adam
797 752 887 809 usque
911 738 945 795 ad
969 737 1151 795 natiuitatem
1175 737 1294 797 Christi.

632 986 694 1071 IN
728 986 951 1071 LIBRVM
985 988 1030 1071 ll.

159 1206 259 1247 v.1-se
311 1182 434 1240 Primo
442 1179 607 1253 genitum
645 1180 671 1238 i·
715 1180 937 1254 protoplastum.
988 1183 1090 1241 Protos
1134 1197 1234 1254 graece
1278 1181 1411 1254 primus,

268 1285 381 1358 plastus
418 1283 570 1355 formatus,
608 1282 677 1342 inde
713 1283 910 1357 protoplastus
946 1285 972 1343 ·i·
1007 1286 1117 1357 primus
1157 1284 1307 1343 formatus.
1356 1284 1451 1343 Des

268 1386 354 1449 sedo
388 1388 414 1445 ·i·
449 1388 483 1445 de
517 1385 668 1459 paradyso.
718 1385 886 1460 Paradysus
920 1386 1131 1460 interpretatur
1165 1388 1264 1445 hortus
1302 1387 1411 1446 delici-

267 1507 358 1562 arum,
403 1489 494 1548 Adam
537 1490 671 1547 terrenus
714 1489 798 1547 homo
842 1488 889 1548 uel
935 1490 1014 1548 terra
1051 1491 1148 1551 rubra.
1194 1490 1411 1549 Illecebris

268 1592 296 1650 ·i·
319 1591 528 1664 uoluptatibus,
566 1589 728 1651 Illecebrao
763 1592 896 1649 dicuntur
933 1594 968 1648 ab
1001 1591 1146 1651 illiciendo
1170 1592 1196 1649 ·i·
1219 1591 1410 1665 decipiendo.

268 1696 354 1755 Heu.
392 1693 477 1752 Dolet
500 1694 585 1767 poeta
604 1695 639 1753 de
655 1693 740 1767 culpa
755 1694 894 1754 mulieris.
933 1694 1053 1754 Noxia
1075 1695 1236 1769 culpabilis.
1269 1697 1411 1755 Interro-

269 1796 414 1871 gatiouem
437 1795 508 1855 facit
537 1799 572 1856 ad
603 1798 762 1857 mulierem.
808 1798 831 1856 0
854 1799 1026 1869 coniunx,
1055 1798 1175 1858 fuistine
1198 1798 1290 1871 magis
1317 1800 1412 1858 noxia
1421 1822 1449 1860 ro

270 1919 308 1960 an
338 1899 463 1974 perfidus
492 1900 542 1959 ille
574 1901 681 1961 draco?
705 1902 789 1962 llodo
812 1902 874 1975 ipsc
905 1902 962 1961 sibi
989 1903 1162 1976 respondet:
1191 1901 1323 1961 Perfidus
1354 1902 1411 1961 illo

269 2002 358 2063 draco
382 2003 408 2061 ·i·
431 2003 643 2075 fraudulentus,
668 2004 718 2063 sed
740 2006 773 2064 tu
795 2021 906 2079 quoque
935 2022 992 2064 nou
1016 2022 1096 2064 cares
1120 2005 1214 2079 culpa,
1238 2004 1309 2078 quia.
1332 2022 1411 2064 con·

270 2105 400 2165 sensisti.
439 2106 492 2164 Est
520 2108 614 2165 autem
646 2108 700 2164 hoc
730 2107 792 2165 loco
822 2107 1009 2181 syllogismus
1044 2108 1167 2180 integer,
1203 2110 1341 2165 constans
1373 2124 1411 2167 cx

269 2208 474 2284 propositione,
506 2210 711 2283 assumptione,
742 2209 936 2272 conclusione.
981 2211 1160 2270 Perfidus
1192 2211 1296 2269 dicitur
1320 2211 1411 2284 quasi

269 2313 393 2385 prodens
423 2311 518 2383 fidem,
547 2312 644 2385 perdit
672 2314 749 2372 enim
779 2313 909 2373 diabolus
939 2314 1032 2386 fidem,
1064 2314 1178 2386 quando
1209 2313 1297 2371 dixit:
1322 2313 1450 2375 eritisrs

270 2416 346 2475 sicut
374 2416 423 2476 dii.
461 2416 526 2475 llon
556 2416 632 2475 euim
661 2418 735 2489 quod
763 2415 896 2489 promisit
918 2416 1052 2488 impleuit,
1076 2417 1145 2489 quia
1167 2434 1224 2474 non
1247 2416 1340 2474 solum
1366 2416 1411 2475 dii

269 2518 342 2578 lacti
363 2536 419 2577 non
444 2520 521 2592 sunt,
546 2522 597 2578 sed
620 2519 706 2579 otiam
730 2519 871 2579 mortales
887 2519 1013 2578 luerunt.
1058 2519 1192 2578 Demon
1210 2518 1303 2576 dictus
1319 2519 1409 2591 quasi

271 2620 385 2681 daimon
409 2620 436 2679 ·i·
458 2620 555 2681 ualde.
593 2622 656 2681 Eua
671 2622 766 2681 mater
781 2622 1002 2695 interpretatur.
1047 2623 1277 2694 Nongentos.
1311 2621 1411 2680 Adam

270 2722 345 2782 uixit
373 2724 527 2796 nongentis
556 2724 634 2782 XXX
660 2726 757 2802 annis,
787 2724 958 2783 Matusalam
981 2724 1184 2782 DCCCLXXX.
1228 2724 1352 2797 Nepos
1378 2725 1408 2784 ·i·

272 2828 355 2901 primi
379 2827 543 2900 terrigenae
566 2828 592 2884 -i-
615 2829 724 2901 posteri
746 2827 836 2887 Adae.
874 2827 1015 2885 Fauces
1034 2828 1167 2886 dicuutur
1184 2845 1201 2887 a
1216 2843 1320 2899 graeco
1336 2826 1450 2900 fageae

273 2933 300 2990 ·i·
324 2932 479 2992 comedere.
525 2930 721 2990 Difficilis
744 2931 770 2988 ·i·
793 2932 903 3003 tardus,
932 2932 1000 3005 quia
1031 2949 1088 2989 non
1118 2947 1231 3004 semper
1266 2928 1407 2990 uindicat.

273 3033 432 3094 Voniale
462 3035 489 3093 .i.
517 3034 635 3107 dignum
665 3034 760 3095 uenia.
806 3034 883 3093 Duas
911 3037 1029 3094 naturas
1062 3033 1248 3093 rationabiles
1278 3033 1409 3093 condidit

273 3138 358 3197 deus:
383 3138 514 3211 angelum
539 3140 568 3198 et
589 3138 743 3210 hominem,
767 3155 887 3212 quorum
902 3157 978 3197 uuus
994 3139 1073 3197 nullo
1090 3139 1228 3197 suadente
1244 3153 1297 3195 nec
1312 3134 1407 3209 fragi-

272 3240 357 3299 litate
386 3242 511 3314 corporis
540 3241 733 3300 circumdatus
762 3241 904 3315 peccauit,
940 3240 1002 3299 idco
1037 3239 1266 3299 inreourabiliter
1300 3238 1407 3313 periit;

274 3344 357 3402 homo
380 3359 458 3418 uero,
490 3344 558 3418 quia
580 3344 696 3417 fragilis
721 3345 783 3402 erat
805 3358 923 3416 corpore
946 3346 975 3401 et
997 3342 1112 3402 diabolo
1136 3344 1277 3402 suadente
1302 3357 1445 3415 pecca-as

275 3445 329 3518 uit,
367 3444 429 3505 ideo
465 3447 579 3505 ueniam
617 3447 731 3505 meruit.
777 3445 920 3505 Tonsos
958 3448 985 3504 ·i·
1022 3446 1159 3519 grauidos
1193 3447 1222 3503 et
1259 3446 1406 3503 oneratos.

274 3548 324 3609 De
358 3548 484 3607 limine
513 3548 540 3606 ·i·
569 3550 606 3608 de
633 3549 785 3624 principio,
810 3550 845 3607 de
867 3549 1008 3622 ingressu.
1056 3551 1146 3608 Caro
1178 3549 1331 3622 factum,
1361 3550 1408 3613 ost

276 3653 372 3710 autem
395 3653 573 3728 synecdoche
597 3654 623 3711 ·i·
647 3671 664 3711 a
686 3654 770 3728 parte
792 3654 893 3712 totum.
932 3651 1024 3712 Homo
1051 3653 1128 3711 enim
1151 3668 1237 3711 carue
1260 3652 1290 3708 et
1313 3649 1409 3707 anima

275 3754 397 3814 constat.
443 3754 578 3815 Clausa
601 3756 626 3814 i·
651 3756 792 3829 uirginem
820 3754 996 3829 relinquens.
1041 3755 1133 3813 Prae
1161 3754 1263 3813 uatis
1286 3753 1313 3810 ·i·
1336 3768 1408 3825 prae

274 3855 352 3933 filiis,
376 3858 431 3917 hoc
461 3858 495 3917 de
516 3858 628 3932 psalmo
656 3859 787 3933 sumpsit,
818 3856 868 3917 ubi
893 3859 1017 3931 legitur:
1047 3857 1199 3931 Speciosus
1222 3855 1315 3916 forma
1336 3869 1446 3928 praeeo

377 4026 413 4080 30
435 4025 535 4081 Psalm.
552 4026 595 4091 44,
613 4026 630 4079 3

328 4182 585 4236 iterramrubram
598 4183 626 4235 A
712 4182 746 4235 13
763 4146 947 4253 sillogism'nt
1035 4182 1069 4235 18
1085 4146 1196 4235 veliem
1282 4179 1317 4233 20
1334 4178 1408 4249 fage]

275 4285 312 4352 ef.
321 4301 352 4355 p.
364 4288 429 4353 scr,
440 4288 481 4340 22
570 4287 604 4341 21
623 4274 756 4340 emerere
774 4286 801 4339 A
895 4284 930 4339 cc
947 4258 1117 4339 rationabilis
1136 4287 1162 4352 (e
1179 4301 1197 4337 a
1214 4300 1249 4337 m.
1262 4285 1293 4349 s)
1311 4283 1337 4335 A

275 4372 311 4425 24
327 4371 545 4426 inrecubabilitcr
563 4372 590 4425 A
