3106 5250
548 466 698 537 Remigii
719 467 900 535 expositio.
1228 468 1293 535 333

159 661 241 737 filiis,
280 663 360 721 cuius
395 664 427 721 in
460 661 547 720 labiis
584 661 714 734 pulchris
747 662 851 721 diffusa
878 664 923 722 est
955 663 1061 736 gratia,
1099 662 1167 736 quia
1204 661 1294 722 etiam

124 779 131 795 ·
160 767 316 828 secundum
345 764 556 825 humanitatem
584 765 732 838 pulchrior
760 765 817 824 init
839 765 953 825 ceteris.
999 764 1154 825 Obsitns
1186 765 1213 824 i·
1236 765 1428 825 cir-v.ss-1oo

162 872 321 932 cumdatus
361 870 478 929 Salne.
508 869 619 929 Salutat
635 872 720 943 poeta
735 871 855 929 matrem
876 870 996 930 Christi.
1035 870 1150 930 Tonet
1165 868 1193 926 i·
1209 870 1296 941 regit.

163 975 252 1035 Giro
276 975 303 1033 ·i·
326 973 442 1048 circulo,
466 973 541 1031 sicut
565 972 689 1033 circulus
712 972 759 1032 uel
780 990 882 1032 corona
904 989 956 1032 nec
971 971 1089 1033 initium
1104 988 1195 1045 neque
1211 972 1296 1030 finem

141 1078 270 1138 ohabcre
292 1077 418 1148 uidetur,
441 1076 484 1135 ita
506 1076 656 1151 imperium
680 1076 796 1134 Christi.
836 1075 995 1137 Femina.
1019 1075 1137 1134 Femina
1152 1077 1179 1133 et
1195 1074 1297 1133 mulier

163 1198 219 1240 non
249 1182 318 1238 sunt
344 1181 460 1239 nomina
490 1179 693 1252 corruptionis,
723 1180 772 1237 sed
802 1196 887 1238 sexus
911 1182 940 1237 et
969 1180 1101 1248 naturae,
1125 1196 1192 1236 nam
1215 1177 1297 1251 uirgo

148 1287 194 1343 'ot
218 1284 327 1343 femina
357 1285 386 1342 et
418 1281 523 1341 mulier
556 1284 655 1355 potest
687 1281 841 1355 appellari.
887 1282 1122 1343 Pectoribus.
1159 1282 1298 1339 Pastores

165 1390 249 1447 erant
270 1387 299 1444 in
323 1388 435 1445 deserto
458 1386 537 1444 ultra
561 1385 711 1444 Bethleem
733 1386 814 1444 iuxta
836 1387 941 1444 turrim
963 1400 1094 1458 gregum,
1113 1384 1163 1456 qui
1178 1384 1299 1442 uocatur

166 1490 323 1549 Adernam.
363 1490 392 1549 Si
415 1489 538 1561 aliquem
569 1488 700 1547 timorem
722 1487 872 1560 haberent,
903 1487 983 1546 illam
1013 1485 1216 1547 ascendebant.
1253 1484 1300 1544 Ibi

132 1617 159 1657 ro
167 1596 229 1653 erat
250 1592 387 1667 planities
410 1594 478 1666 apta
500 1593 586 1665 atque
606 1591 688 1650 utilis
703 1593 863 1665 pecoribus.
908 1591 1014 1651 Eous.
1037 1588 1145 1650 Mobile
1161 1591 1206 1647 est
1220 1604 1299 1666 eous,

168 1714 228 1774 eoa,
263 1713 353 1756 eoum.
392 1695 469 1753 Eous
501 1694 588 1753 finum
621 1694 648 1752 ·i·
681 1711 749 1768 para
782 1695 864 1754 caeli.
909 1694 1114 1769 Tyrannus,
1145 1692 1301 1767 Tyrannus

167 1814 280 1873 gracco,
315 1798 406 1858 latine
436 1813 494 1856 rex.
532 1797 683 1871 Tyrannus
711 1796 787 1871 apud
816 1813 869 1855 nos
899 1796 1004 1857 dicitur
1038 1797 1157 1856 inuasor
1189 1796 1300 1855 alianae

168 1901 373 1977 possessionis,
396 1902 470 1959 unde
493 1903 522 1959 et
540 1900 682 1959 Herodem
698 1899 828 1973 appellat
847 1901 1011 1975 tyrannum.
1035 1900 1211 1972 Alienigena
1225 1900 1300 1959 anim

168 2005 235 2076 fuit,
259 2007 343 2078 patre
372 2004 490 2064 Idumeo
519 2007 610 2063 matre
642 2003 776 2076 Arabica,
799 2005 927 2063 nutritus
950 2004 985 2061 ab
1008 2005 1143 2078 Hyrcano
1165 2002 1301 2077 pontifice

135 2106 333 2176 151ndeorum,
366 2122 423 2178 qno
459 2106 570 2162 mortuo
599 2103 712 2164 inuasit
741 2120 873 2177 regnum.
917 2104 1058 2164 Nubila
1090 2107 1116 2164 ·i.
1151 2106 1302 2165 tristitiam

170 2208 285 2267 mentis.
330 2207 446 2267 Alens
469 2209 497 2267 ·i·
520 2206 665 2281 nutriens3
689 2207 763 2268 facie
785 2207 880 2267 laetus
902 2210 974 2277 erat,
1007 2208 1056 2267 sed
1078 2209 1174 2267 mente
1196 2209 1301 2270 tristia.

170 2309 324 2369 Tractat
338 2310 365 2369 ·i·
378 2310 543 2370 meditatur.
559 2310 741 2384 Neglegis
756 2310 783 2369 ·i·
797 2327 856 2369 non
867 2309 1027 2384 intellegis,
1044 2309 1113 2384 quia
1127 2312 1177 2371 illc
1192 2311 1304 2387 legerat

170 2412 202 2471 in
224 2414 289 2487 lege
304 2413 469 2486 iudeorum,
494 2414 568 2486 quod
584 2412 718 2473 Christus
740 2416 774 2473 de
795 2415 868 2472 Iuda
883 2413 1001 2473 deberet
1024 2415 1116 2473 nasci.
1147 2415 1304 2476 Numina

171 2518 198 2575 ·i·
220 2518 351 2590 potestas
373 2517 421 2578 uel
443 2517 588 2587 uoluntas,
613 2517 681 2589 quia
697 2517 835 2576 noluntas
850 2533 903 2591 pro
919 2518 1024 2576 effectu
1038 2517 1133 2590 operis
1150 2519 1302 2593 accipitur.

137 2620 400 2682 aoPatrandum
423 2620 450 2679 ·i·
474 2619 689 2694 perficiendum.
734 2620 891 2680 Alacres
914 2621 940 2678 ·i·
961 2621 1043 2691 laeti,
1064 2620 1175 2682 festini.
1215 2622 1305 2683 The-

173 2724 304 2783 sauris.
339 2724 503 2783 Thesauros
531 2725 617 2782 uocat
644 2723 743 2783 thecae
773 2723 822 2782 uel
843 2723 965 2797 pixides,
991 2724 1040 2782 ubi
1068 2742 1188 2786 munera
1210 2730 1305 2789 erant.

174 2826 316 2886 Solutis
346 2826 373 2885 ·i·
396 2827 483 2901 aptis.
522 2827 578 2886 Per
609 2844 709 2885 aurum
737 2826 868 2886 futurum
898 2844 1006 2900 regem,
1037 2843 1088 2900 per
1118 2829 1187 2889 thus
1211 2830 1305 2903 deum,

174 2946 226 3003 per
249 2929 394 3003 myrrham
409 2930 559 2989 mortalem
576 2930 769 3002 crediderunt,
786 2930 856 3002 quia
877 2931 995 3004 myrrha
1010 2933 1172 2990 conduntur
1187 2948 1307 3007 corpora

174 3034 360 3091 mortuorum.
400 3032 469 3091 Tres
492 3032 570 3105 magi
592 3031 756 3105 significant
786 3048 879 3105 genus
902 3032 1059 3092 humanum
1084 3053 1101 3093 a
1123 3034 1217 3094 tribus
1238 3036 1307 3097 liliis
1395 3095 1399 3101 .

139 3136 237 3197 asNoe
268 3133 487 3193 disseminatum
517 3149 568 3207 per
598 3135 658 3191 tres
687 3134 788 3191 mundi
817 3136 915 3208 partes
943 3136 970 3192 .i·
993 3137 1105 3212 Asiam,
1128 3137 1256 3198 Africam
1277 3144 1308 3199 ot

175 3236 329 3309 Europam,
346 3236 415 3309 quia
428 3237 511 3295 uenit
527 3236 563 3294 ad
580 3236 725 3295 Christum
744 3253 809 3295 cum
824 3237 918 3296 tribus
933 3238 1117 3297 naturalibus
1129 3239 1307 3315 disciplinis:

176 3339 310 3413 Physica,
334 3339 449 3412 Ethica,
472 3338 589 3413 Logioa.
625 3340 680 3397 Gur
695 3340 752 3398 tria
768 3341 797 3399 et
818 3356 876 3399 non
894 3340 1054 3413 ampliora?
1070 3342 1193 3415 Propter
1207 3361 1308 3405 nume·

177 3459 241 3500 rum
263 3444 381 3501 sanctae
404 3441 556 3501 Trinitatis
578 3440 625 3500 nel
647 3444 764 3516 propter
786 3442 834 3501 III
856 3445 995 3523 tempora,
1021 3462 1095 3518 quae
1111 3446 1181 3505 dens
1195 3454 1309 3522 semper

178 3546 280 3605 cernit.
315 3546 514 3618 Postquam
536 3544 696 3605 uenimus
719 3549 762 3606 ad
785 3546 977 3607 Christum
1000 3566 1072 3608 non
1095 3551 1309 3623 repetamus

143 3649 345 3720 aoiniqunm
368 3649 393 3707 -1-
424 3666 482 3708 non
509 3651 690 3708 reuertamur
713 3650 748 3707 ad
779 3649 933 3728 diabolum,
965 3650 1040 3710 siout
1064 3654 1141 3727 magi
1162 3669 1218 3713 non
1240 3656 1310 3713 sunt

178 3751 288 3809 reuersi
318 3753 353 3810 ad
381 3750 534 3813 Herodem.
579 3752 708 3811 Herodes
740 3753 948 3827 interpretatur
975 3754 1115 3828 pelliceus
1148 3756 1195 3815 nel
1224 3756 1310 3831 pellis

179 3852 273 3926 gloria
304 3855 333 3911 et
355 3853 500 3927 significat
523 3854 677 3930 diabolum,
700 3855 750 3929 qni
772 3857 880 3929 primos
901 3859 1037 3931 parentes
1060 3862 1161 3920 exutos
1184 3861 1259 3921 stola
1280 3862 1309 3920 in

180 3956 371 4017 mortalitatis
396 3958 490 4018 induit
511 3958 643 4033 pelliceis
667 3960 809 4022 uestibus.
847 3961 1004 4035 Postquam
1026 3963 1104 4022 enirn
1126 3980 1177 4037 per
1200 3966 1311 4039 baptis-

180 4076 256 4118 mnm
279 4061 413 4120 uenimus
437 4062 473 4121 ad
496 4061 652 4139 Christum,
676 4079 733 4122 non
755 4064 888 4125 debemus
907 4068 1015 4126 reuerti
1038 4067 1075 4126 ad
1091 4067 1247 4141 diabolum,
1265 4070 1311 4128 cni

181 4394 211 4450 Α
234 4311 266 4364 13
284 4311 456 4381 aligenigena
474 4313 502 4366 A
606 4314 640 4368 14
656 4328 753 4383 yrcano
772 4316 799 4368 A
897 4314 931 4370 23
949 4317 1031 4373 mirra
1048 4319 1076 4373 A
1173 4319 1208 4374 26
1225 4270 1312 4387 citrib3
