3106 5250
187 503 218 549 11

187 689 244 736 sua
264 671 356 753 poeta
377 672 442 734 91119
457 667 629 733 Macedonii
653 686 783 733 censura
806 669 917 733 tetrica
939 670 1104 734 deterritus
1127 672 1192 736 siue
1211 674 1312 738 morte

187 776 385 856 praematura
406 771 576 852 impeditus
598 772 664 853 ipse
688 770 821 835 edidisse
853 770 985 847 uidetur,
1009 772 1162 853 siquidem
1178 773 1309 840 Carmen

187 874 380 959 indigestum
402 879 434 938 at
456 874 489 937 in
505 873 633 938 cartulis
650 873 800 954 scriptum
815 880 922 954 postea
944 874 1127 938 Tuscium
1149 877 1309 941 Rufium

187 977 384 1042 Asterium
396 976 591 1041 exconsulem
600 976 771 1056 (consulem
782 977 855 1041 anni
868 975 931 1040 494
943 996 972 1059 p.
982 976 1050 1041 Chr.
1062 980 1106 1056 n.)
1119 979 1309 1044 ordinarium

187 1085 280 1164 atque
302 1079 470 1163 patricium
492 1079 531 1143 ad
554 1097 677 1143 omnem
700 1080 888 1163 elegantiam
911 1082 1066 1144 ordinasse
1088 1082 1179 1145 etad
1201 1083 1308 1164 legen-

186 1183 268 1247 tiurrr
289 1183 459 1247 utilitatem
481 1181 658 1264 publicasse
681 1183 870 1247 testimoniis
882 1184 909 1266 1)
931 1184 963 1246 in
980 1183 1135 1248 codicibus
1157 1185 1308 1248 uetustis·

186 1285 275 1350 simis
298 1286 489 1350 exstantibus
512 1285 664 1350 docemur.
699 1284 787 1350 ldem
803 1284 920 1349 Sedulii
944 1290 975 1348 et
997 1304 1157 1350 musarum
1178 1287 1307 1367 amicus,

187 1407 258 1454 cum
281 1388 409 1453 99919919
423 1388 564 1452 Romana
589 1406 735 1453 canonem
758 1387 910 1452 librorum
933 1407 1090 1454 sacrorum
1106 1393 1185 1454 esset
1201 1392 1306 1456 condi·

185 1494 255 1557 tura
277 1491 393 1556 Sedulii
423 1491 550 1556 ‘ueracis
578 1493 686 1573 poetae
709 1488 802 1556 dicta'
832 1493 946 1557 iterum
975 1493 1109 1557 edidisse
1131 1494 1163 1556 et
1185 1491 1309 1557 Gelasio

184 1612 283 1676 papae
306 1593 463 1659 dedicasse
485 1594 619 1676 uidetur,
642 1593 675 1657 id
697 1595 778 1676 quod
801 1613 837 1658 ex
859 1582 1083 1678 epigrammate
1105 1594 1159 1659 illo
1183 1595 1306 1660 dedica·

185 1698 265 1762 torio
281 1695 305 1778 Ω)
330 1695 543 1762 concludimus
556 1696 593 1777 ³).
633 1695 750 1761 Gelasii
778 1715 851 1761 uero
873 1698 1031 1762 decretum
1053 1701 1090 1763 de
1116 1697 1205 1761 libris
1227 1699 1307 1762 reci-

185 1798 309 1883 piendis
331 1800 381 1864 uel
403 1817 465 1863 non
489 1799 685 1882 recipiendis,
709 1798 789 1880 quod
812 1818 890 1864 anno
913 1798 977 1863 495
998 1801 1051 1865 uel
1071 1799 1135 1864 496
1156 1801 1307 1883 prodiisse

184 1905 295 1968 harum
318 1921 422 1968 rerum
439 1901 512 1965 sciti
527 1904 726 1980 contendunt,
758 1901 878 1966 sedulii
894 1921 1017 1967 carmen
1032 1903 1065 1966 in
1081 1903 1163 1966 hunc
1178 1905 1305 1968 modum

185 2005 335 2090 approbat
357 2009 389 2068 et
412 2003 567 2069 collaudat
593 2006 631 2086 (c.
656 2003 726 2085 34):
760 2003 843 2067 Item
870 2003 1063 2068 aeaeiubilis
1089 2005 1155 2068 19119·
1183 2004 1308 2072 Sedebit

94 2176 96 2180 ,
179 2107 333 2190 paschale
354 2125 442 2188 epae,
465 2105 546 2188 quod
568 2105 701 2170 heroicis
715 2106 881 2187 descripsit
896 2106 1046 2187 99991999,
1068 2106 1190 2191 insipat
1212 2108 1307 2174 1119119

179 2211 404 2294 praeferimus.
454 2208 522 2290 Qua
558 2209 673 2274 summi
710 2209 867 2293 pontilicis
903 2211 1120 2292 approbatione
1158 2212 1304 2276 carminis

183 2314 345 2379 Seduliani
371 2314 440 2378 laus
466 2316 530 2378 iam
553 2315 644 2378 antea
667 2316 852 2397 peruulgata
874 2333 988 2396 magna
1012 2316 1091 2396 cepit
1114 2315 1305 2380 incrementa

183 2417 221 2483 ab
254 2419 299 2483 ois
327 2416 501 2501 praecipue,
532 2434 606 2499 quos
635 2417 766 2481 antehac
788 2416 908 2482 Sedulii
937 2416 1144 2482 imitationem
1166 2416 1303 2500 Vergili-

183 2539 275 2586 anam
297 2522 405 2601 utpote
427 2521 535 2600 poetae
557 2518 684 2600 gentilis
706 2519 896 2601 improbasse
913 2521 960 2584 est
981 2518 1159 2584 uerisimile.
1191 2517 1304 2583 Omnia

182 2622 293 2687 abhinc
325 2623 388 2687 1919
421 2622 544 2687 99991119
577 2621 696 2688 Sedulii
731 2624 935 2687 seruauerunt
967 2624 1157 2688 memoriam.
1197 2624 1301 2706 Atque

182 2743 244 2790 non
266 2727 365 2789 multo
387 2730 456 2810 post
472 2724 591 2789 Asterii
611 2724 779 2789 editionem
800 2724 986 2790 Liberius
1009 2729 1040 2790 91
1062 2725 1303 2791 Bellesarius

184 2828 247 2909 (uel
270 2827 372 2911 potius
395 2827 578 2893 Liberius
601 2827 848 2892 Bellesarius
870 2831 906 2890 ut
929 2827 1072 2908 arbitror)
1087 2826 1113 2910 4)
1142 2828 1303 2894 Sedulium

181 2929 324 2995 uersibus
354 2929 534 2996 acrostichis
562 2946 597 2992 99
625 2929 796 2994 telostichis
819 2931 897 2994 satis
919 2930 1040 2994 tricesis
1063 2948 1248 2994 exornauere
1271 2931 1302 2994 et
1411 2955 1416 2963 ·

181 3033 354 3111 laudarem,
378 3053 507 3115 quorum
531 3034 668 3098 carmina
691 3033 883 3099 etiamnunc
904 3035 937 3098 in
953 3032 1108 3098 codicibus
1124 3032 1301 3098 Sedulianis

180 3137 344 3220 permultis
366 3137 513 3218 leguntur
539 3136 590 3218 (91.
613 3136 693 3200 infra
714 3156 746 3219 p.
769 3135 856 3220 307).
895 3138 924 3200 A
951 3136 1074 3200 saeculo
1098 3138 1181 3200 sexto
1203 3154 1301 3216 usque

180 3245 220 3307 ad
249 3242 404 3307 decimum
433 3243 464 3304 et
491 3240 598 3321 postea
626 3244 812 3320 quantopere
835 3237 996 3303 Sedulium
1026 3238 1162 3303 auctores
1184 3236 1301 3301 imitati

180 3346 243 3412 sint
270 3346 322 3409 1191
349 3345 464 3425 quanta
492 3361 564 3406 eum
591 3341 684 3406 laude
708 3340 1300 3406 91199911919119911999191111119911-

179 3448 265 3532 gerie
287 3448 369 3512 infra
393 3446 433 3528 (p.
457 3445 573 3527 3619.)
597 3444 767 3525 composita
788 3441 888 3507 uideri
911 3443 1002 3506 licet:
1036 3462 1112 3524 quae
1134 3443 1156 3507 ii
1179 3442 1232 3524 qui
1255 3443 1298 3506 rei

179 3552 351 3617 litterariae
373 3547 469 3614 medii
492 3550 561 3612 99111
583 3547 684 3631 magis
706 3547 797 3629 gnari
820 3548 893 3631 911111
917 3545 1007 3609 199119
1029 3545 1193 3627 augebunt.
1216 3544 1298 3609 Nam

179 3656 313 3737 poetam,
342 3672 432 3735 quem
459 3651 523 3716 iam
554 3649 763 3733 chilpericum
792 3668 897 3733 regem
925 3647 1084 3713 imitatum
1114 3666 1179 3712 esse
1210 3647 1300 3712 Gre-

283 3846 302 3909 ¹)
321 3841 355 3896 91.
379 3843 518 3895 9911119991.
542 3855 628 3893 meam
646 3855 672 3908 p.
690 3838 723 3892 31
742 3853 797 3907 seq.
827 3835 991 3890 'testimonia
1014 3851 1043 3889 eo
1068 3836 1125 3888 1999
1149 3835 1252 3902 prolata
1270 3835 1300 3887 111

179 3929 319 3996 permultis
338 3926 397 3981 aliis
416 3925 557 3989 codicibus,
577 3940 641 3997 quoe
660 3922 886 3995 infra-enarrabo,
907 3922 1044 3991 leguntur.

282 4036 301 4098 ²)
320 4032 354 4085 cf.
372 4031 444 4084 infra
461 4046 486 4098 p.
503 4029 562 4083 307.

282 4137 301 4201 ³)
320 4136 354 4189 91.
372 4151 465 4190 comm.
484 4148 569 4186 meam
587 4149 613 4201 p.
631 4131 665 4185 34
674 4146 715 4200 sq.

281 4239 300 4304 ⁴)
319 4238 352 4291 cf.
377 4253 524 4291 9911111191.
548 4251 573 4303 p.
591 4236 633 4288 51.
663 4234 801 4288 Praeterea
823 4232 973 4286 notandum
996 4234 1037 4284 cst
1059 4230 1088 4283 in
1112 4229 1200 4283 codice
1222 4230 1299 4282 Mon-

177 4323 344 4394 tepessulano
362 4323 413 4376 362
438 4340 459 4376 s.
478 4320 517 4375 IX
535 4321 710 4374 Bellesarium
728 4319 831 4373 Sedulii
848 4318 1009 4386 discipulum
1021 4316 1159 4370 nominari
1178 4315 1210 4368 91.
1229 4314 1299 4367 infra

176 4427 203 4480 p.
220 4411 279 4464 307.
671 4404 675 4411 '
1149 4410 1152 4416 ’
