3106 5250
523 436 676 505 Remigii
699 434 875 505 expositio.
1201 437 1264 503 327

136 631 249 691 inuenit
271 631 301 689 in
324 647 355 690 se
378 630 532 690 conuertit.
577 630 726 703 Helias,
750 632 776 690 si
799 631 965 689 mutatura
988 630 1017 687 in
1040 645 1056 688 o
1078 629 1107 687 et
1131 629 1295 688 accentusv.
1311 644 1413 687 raa—eae

136 734 168 793 iu
190 734 294 792 ultima
317 734 365 805 sit,
389 733 481 792 helios
504 733 530 789 ·i·
554 734 607 793 aul.
643 732 744 791 Helias
763 732 972 806 interpretatur
987 733 1056 790 deus
1073 749 1155 790 mens
1171 732 1263 791 domi·

135 856 206 910 nus,
240 836 288 897 hel
323 838 408 907 deus,
443 836 572 910 inens,
611 854 643 895 as
680 836 821 895 dominus.
868 835 1007 894 Coetus
1045 834 1121 906 apud
1158 833 1265 894 latinos

136 941 287 1002 masculini
309 940 433 1014 generis,
457 941 532 1011 apud
554 956 672 1012 graecus
695 938 791 997 neutri
819 941 865 997 est
888 945 947 998 τοῦ
971 935 1091 1016 κήτους
1117 939 1147 996 et
1167 937 1266 1010 plura-

113 1044 204 1103 eliter
226 1042 266 1103 τὰ
288 1040 385 1122 κήτη,
420 1044 485 1101 inde
515 1044 592 1101 coele
626 1042 747 1115 grandia
780 1040 915 1115 legimus,
950 1040 1084 1100 hebraice
1117 1039 1266 1099 leuiathan

135 1146 251 1205 dicitur.
288 1146 503 1219 Depositum
526 1145 553 1202 ·i·
577 1145 814 1203 commendatum.
854 1144 1028 1217 spirante
1051 1143 1078 1199 ·i·
1097 1142 1265 1203 auxiliante.

134 1248 340 1308 Babilonia
363 1249 389 1305 ·i·
412 1264 497 1321 quam
520 1247 782 1306 Nabuchodonosor
811 1247 949 1305 erexerat.
993 1246 1263 1305 achemeniam.

134 1352 334 1424 Achemenins,
363 1368 412 1410 rex
434 1351 619 1426 Parthorum,
649 1350 705 1407 fuit
733 1350 807 1407 tanti
829 1348 944 1419 sueonie,
974 1350 1007 1407 ut
1029 1349 1055 1407 si
1078 1348 1168 1407 semel
1191 1349 1266 1415 iras,

135 1456 258 1528 caretur,
282 1454 360 1513 nullo
384 1456 464 1512 modo
492 1453 601 1526 placari
629 1454 738 1526 posset,
762 1468 908 1525 quousque
931 1451 988 1509 XII
1010 1448 1140 1510 homines
1163 1451 1264 1509 immu-

98 1557 274 1619 uolarentur.
315 1556 401 1615 Cuius
435 1556 508 1614 iram
536 1555 591 1614 iste
620 1555 755 1615 habebat.
800 1554 861 1612 Nil
897 1555 1028 1612 urente
1058 1571 1142 1626 rogo
1174 1555 1199 1613 ·i·
1222 1554 1264 1613 nil

134 1660 304 1720 incendente
327 1660 405 1732 igne.
433 1658 531 1732 Bogus
554 1661 600 1717 est
623 1660 792 1717 coadunatio
811 1659 965 1730 lignorum.
1001 1657 1143 1716 Veoors
1160 1657 1185 1714 ·i·
1203 1658 1265 1717 sine

133 1766 226 1837 corde,
249 1781 285 1822 ue
307 1780 359 1836 pro
382 1779 438 1821 non
462 1760 588 1835 ponitur,
613 1762 688 1819 sicut
711 1778 834 1821 uesanus
851 1763 878 1820 ·i·
894 1777 950 1818 non
966 1777 1063 1819 sanus.
1097 1761 1264 1819 Peoudes

133 1868 167 1924 de
189 1866 357 1938 minoribus,
381 1880 483 1937 peoora
506 1865 540 1922 de
564 1864 691 1923 maribus
708 1865 838 1924 dicimus.
878 1863 1035 1937 Septena
1057 1864 1221 1936 tempora
1236 1863 1263 1921 ·i.

123 1968 191 2027 llll
206 1986 306 2028 annos.
331 1972 357 2025 Α
373 1970 454 2041 parts
476 1968 577 2036 totum,
601 1983 676 2026 unus
692 1969 815 2040 quisque
838 1967 914 2024 enim
936 1983 1029 2024 annus
1045 1965 1108 2025 IIII
1131 1967 1263 2038 tempora

99 2073 232 2132 achabet.
276 2071 454 2130 Hirsutus
484 2071 510 2128 ·i·
540 2068 659 2141 pilosuS,
689 2071 757 2142 quia
786 2069 817 2128 in
840 2070 955 2128 modum
978 2068 1139 2142 aquilarum
1162 2068 1215 2142 pili
1233 2072 1263 2128 et

131 2191 242 2247 ungues
257 2174 320 2232 eius
336 2175 528 2234 exorauerant.
566 2172 639 2230 Nec
661 2173 784 2232 minus
807 2190 830 2230 s.
849 2172 998 2242 similiter,
1021 2171 1173 2243 figuraest
1190 2187 1263 2245 quae

132 2276 230 2335 litotes
264 2276 379 2351 dicitur,
413 2294 475 2334 curn
506 2276 560 2335 duo
591 2275 765 2347 abnegatiua
794 2275 905 2334 faciunt
927 2291 1015 2332 unum
1038 2272 1261 2333 adfirmatiuum.

132 2379 311 2452 Tyranni,
335 2381 475 2453 tyrannus
500 2380 574 2450 apud
593 2380 717 2437 Graecos
739 2394 790 2452 pro
814 2394 882 2449 rege
898 2377 1025 2451 ponitur,
1049 2379 1125 2450 apud
1142 2376 1262 2438 Latinos

131 2498 197 2539 uero
221 2499 271 2554 pro
300 2482 432 2540 inuasere
456 2482 566 2540 alienae
589 2482 790 2555 possessionis,
834 2481 952 2541 Belua
975 2482 1175 2555 trissyllabum
1199 2484 1261 2555 est3

96 2607 122 2645 au
131 2585 269 2643 resolutio
286 2586 316 2642 in
334 2589 434 2654 metro,
459 2588 488 2642 et
503 2584 600 2658 posuit
616 2585 794 2657 singularem
810 2602 961 2642 numerum
976 2602 1029 2658 pro
1045 2584 1164 2658 plurali.
1188 2585 1262 2643 ·VIl·

132 2687 209 2745 enim
238 2687 356 2745 luerunt
385 2688 491 2745 leonas.
536 2688 575 2745 In
607 2687 788 2749 faucibus.
824 2688 931 2745 Fauces
961 2690 1029 2745 sunt
1058 2686 1204 2756 maxillae,
1233 2688 1262 2746 et

131 2791 265 2849 dicuntur
288 2790 384 2847 fauces
408 2808 425 2849 a
448 2789 514 2863 faga
537 2791 563 2847 i.
587 2790 742 2849 comedere.
780 2789 845 2849 llic
867 2789 940 2851 ubi.
977 2790 1033 2848 Per
1062 2789 1261 2863 recapitulati-

129 2909 210 2950 onem
233 2892 388 2966 alloquitur
410 2894 541 2950 naturam
564 2893 618 2950 sub
640 2892 877 2966 interrogatione,
900 2911 986 2966 quam
1008 2896 1093 2965 poeta
1118 2892 1190 2951 facit
1205 2892 1262 2951 sibi

131 2996 334 3066 quodammodo
364 2995 546 3067 respondere.
592 2994 660 3064 oui
689 2996 845 3053 tartara.
881 2996 964 3054 Modo
993 2995 1150 3054 introducit
1179 2995 1261 3055 illam

95 3097 211 3168 aequasi
234 3096 290 3154 sibi
312 3097 542 3167 respondentem.
587 3097 702 3154 Anum
727 3096 753 3153 ·i·
776 3097 915 3159 uetulum.
950 3097 1023 3156 Sara
1045 3099 1100 3157 duo
1129 3098 1261 3171 patieba-

130 3202 194 3270 tur,
232 3216 297 3256 nam
335 3215 406 3256 anus
443 3199 506 3255 erat
542 3200 571 3255 et
609 3197 727 3257 sterilis.
773 3199 813 3256 In
853 3215 1003 3270 anguem
1034 3199 1061 3257 ·i·
1093 3201 1259 3259 draconem.

130 3300 275 3358 Nimbis
308 3301 335 3358 ·i·
369 3300 484 3373 pluuiis,
529 3299 611 3359 Filiis
649 3299 740 3358 Israel
777 3300 854 3359 Deus
892 3302 1010 3373 pluebat
1045 3319 1173 3373 manua;
1212 3300 1259 3361 illi

130 3402 264 3461 uidentes
287 3402 419 3461 dixerunt
441 3404 557 3480 manhu,
581 3405 654 3477 quod
677 3403 887 3477 interpretatur
912 3400 1049 3478 ‘quidest
1067 3400 1156 3465 hool’
1178 3404 1257 3465 ideo-

129 3522 183 3578 que
212 3507 292 3565 oibus
320 3505 370 3565 ille
399 3523 504 3565 manna
534 3506 648 3566 dicitur.
694 3506 888 3579 Volucras,
923 3507 1056 3567 uolucres
1083 3506 1258 3569 dicuntura

91 3609 228 3668 uocrsbro
263 3611 369 3669 uolatu.
415 3609 500 3667 Tria
532 3609 656 3669 lustra
703 3610 728 3668 i·
763 3610 821 3668 tria
854 3610 1058 3683 quinquennia.
1103 3611 1194 3671 Viro
1226 3628 1257 3669 a·

127 3712 274 3772 Ezechiae.
311 3712 412 3773 Graeci
434 3730 486 3786 per
508 3712 685 3785 Olimpiadas
708 3713 735 3770 ·i·
757 3729 808 3785 per
832 3713 1051 3785 quadriennium
1065 3713 1258 3772 numerabant

128 3832 181 3873 sua
202 3817 340 3890 tempora,
364 3815 485 3874 Romani
506 3832 574 3874 uero
596 3832 648 3889 per
670 3815 795 3874 lustrum
817 3815 844 3873 ·i·
865 3832 917 3889 par
932 3817 1172 3890 quinquennium,
1189 3817 1257 3890 quia

127 3919 228 3992 quinto
252 3937 324 3978 anuo
347 3919 527 3992 redintegrat
549 3921 592 3979 sol
616 3936 699 3977 sunm
714 3921 817 3982 ortum.
840 3919 918 3979 Nam
933 3920 1042 3993 primus
1059 3936 1153 3979 annus
1169 3920 1257 3979 habet

127 4022 189 4080 dies
219 4021 361 4082 CCCLXV
390 4024 419 4080 et
445 4040 531 4081 unum
560 4021 760 4097 quadrantem,
791 4021 932 4081 secundus
966 4024 995 4081 et
1023 4022 1129 4079 tertius
1163 4038 1256 4081 annus

177 4270 301 4339 eplurai
317 4272 357 4336 B,
388 4272 431 4341 prr
448 4273 476 4325 A
579 4271 755 4324 annuere
773 4270 827 4324 AB
930 4240 1069 4338 aparte?
1090 4271 1118 4337 (u
1136 4286 1154 4322 a
1172 4285 1207 4323 m.
1225 4272 1255 4337 a)

126 4376 153 4426 A
248 4373 515 4428 1iadfirmaeiua13
611 4374 644 4429 21
663 4374 751 4430 leones
769 4362 828 4429 fuci
845 4374 873 4427 B
968 4374 1002 4427 22
1020 4372 1090 4441 fage]
1109 4388 1145 4427 so.
1164 4372 1256 4443 fagein

125 4458 161 4524 cf.
175 4476 204 4527 p.
224 4463 319 4523 318,7
