3106 5250
530 441 678 511 Remigii
701 441 881 511 expositio.
1210 444 1273 509 329

143 652 205 696 cum
236 638 292 717 cst,
321 637 390 709 quia
418 636 520 695 stellae
554 635 738 696 astellaudo
771 637 914 697 dicuutur.
958 638 1107 711 Lignea.
1145 637 1300 711 Ligneusv.
1315 650 1418 691 aos-ew

143 739 250 799 dicitur
272 740 366 812 hemo,
382 739 431 814 qui
445 738 557 813 liguum
573 739 685 819 adorat,
703 739 779 798 siout
794 739 933 812 lapideus,
951 742 1001 813 qui
1018 741 1144 814 lapidem
1160 741 1271 803 adorat.

145 843 272 903 Surdis
306 845 332 903 ·i·
368 844 403 902 ad
438 843 550 903 surdos.
590 843 700 903 Surdus
734 843 840 903 dicitur
873 861 905 903 eo
936 844 1012 917 quod
1040 844 1140 903 sordes
1168 844 1274 917 capitis

144 949 280 1028 retineat,
311 949 406 1007 mutus
435 948 540 1007 dicitur
568 963 585 1004 a
616 946 729 1020 mugitu
759 963 791 1006 eo
822 949 898 1021 quod
928 947 1006 1007 uocis
1028 965 1132 1007 sonum
1156 946 1276 1007 naribus

123 1050 263 1110 sretinet.
307 1050 474 1111 Culmina
504 1069 522 1110 a
552 1050 645 1110 culmo
679 1050 822 1111 dicuutur.
868 1050 1051 1122 earduus,
1085 1050 1209 1109 carduus
1231 1052 1277 1109 est

146 1154 235 1213 herba
258 1154 384 1229 spinosa,
410 1171 484 1227 quae
506 1153 594 1228 uulgo
610 1152 771 1227 calcatripa
786 1154 916 1212 uocatur.
961 1154 1131 1212 Monstra
1146 1152 1172 1209 ·i·
1188 1151 1275 1223 idola,

146 1257 211 1315 idea
239 1257 342 1318 forma.
383 1253 477 1316 ‘dulia'
508 1259 633 1316 seruitus
658 1260 714 1333 est,
737 1258 803 1316 inde
827 1257 962 1316 idolatria
987 1256 1114 1315 seruitus
1135 1254 1276 1315 idolorum

148 1364 177 1420 et
213 1360 338 1420 idolatra
375 1361 458 1420 homo
493 1361 599 1421 dieitur
633 1361 762 1419 seruiens
796 1360 891 1419 idolis.
938 1361 1111 1418 Mentem.
1150 1359 1278 1417 Mentem

148 1462 277 1537 appellat
310 1463 428 1522 difficile
462 1479 576 1523 carmen
610 1463 767 1535 euangelii.
813 1461 928 1522 Totis
967 1462 1055 1522 Totus
1088 1463 1134 1521 est
1167 1478 1279 1521 summa

113 1583 217 1639 ropars
254 1565 337 1643 tecti,
375 1568 451 1625 unde
489 1567 667 1640 contignatio
704 1566 842 1639 procedit.
889 1566 957 1625 Vbi
990 1565 1127 1624 dantur
1161 1564 1279 1637 digna

148 1667 304 1743 petenti.
335 1669 411 1727 Illud
433 1670 529 1742 tangit
551 1671 625 1741 quod
648 1671 678 1728 in
701 1669 850 1742 euangelio
874 1669 996 1728 dicitur:
1030 1667 1125 1727 Petite
1150 1669 1179 1726 et
1201 1666 1279 1726 acci·

148 1772 244 1846 pietis.
291 1773 490 1844 Reprobas
519 1771 545 1829 ·i·
569 1774 749 1845 reprobatus.
794 1773 963 1844 Angelus
985 1770 1014 1829 ·i·
1037 1770 1160 1844 populus
1192 1769 1279 1829 Iude-

149 1892 238 1934 orum.
285 1873 355 1933 Ille
387 1874 489 1949 lapis
521 1877 566 1934 est
590 1876 731 1945 Christus,
762 1875 812 1947 qui
842 1875 1013 1947 reprobatus
1043 1873 1099 1933 fuit
1131 1874 1278 1947 aludeis‚

150 1979 263 2052 quando
286 1978 434 2038 dixerunt:
458 1976 600 2039 Nolumus
623 1978 700 2036 huno
723 1994 844 2050 regnare
869 1993 954 2050 super
970 1994 1033 2053 noS,
1059 1979 1088 2036 et
1107 1977 1135 2033 in
1152 1975 1280 2049 psalmo:

116 2102 140 2141 15
151 2081 290 2155 Lapidem
313 2099 397 2153 quem
419 2081 647 2154 reprobauerunt
669 2083 697 2139 et
712 2083 765 2139 cot.
804 2080 893 2153 Lapis
912 2081 1060 2153 angularis
1076 2079 1182 2138 dicitur
1197 2078 1280 2137 (ibri-

152 2186 225 2259 stus,
249 2186 317 2258 quia
332 2184 482 2257 coniungit
499 2184 554 2242 sibi
573 2183 712 2256 gentilem
727 2183 864 2257 populum
882 2185 911 2242 et
926 2183 1083 2257 Iudaicum,
1100 2182 1192 2240 ueluti
1207 2181 1281 2253 lapis

152 2287 300 2360 coniungit
329 2288 466 2360 parietes.
511 2286 670 2360 Simplet
698 2288 725 2344 ·i·
757 2286 892 2360 simplum
914 2286 1014 2345 faciat.
1050 2298 1212 2345 HISTORIA
1233 2299 1281 2345 DE

152 2403 268 2450 nume.
304 2391 406 2449 Arrius
429 2390 486 2448 luit
509 2392 610 2449 doctor
632 2391 828 2450 Alexandriae
851 2390 989 2463 ciuitatis,
1013 2406 1086 2462 quae
1109 2389 1153 2447 est
1175 2388 1282 2446 metro·

152 2493 227 2567 polis
250 2494 386 2568 Aegypti,
420 2511 505 2566 quam
535 2492 699 2551 aedificauit
728 2510 848 2566 magnus
871 2493 1046 2552 Alexander.
1083 2491 1119 2549 In
1141 2507 1198 2564 qua
1220 2491 1284 2551 arat

119 2596 256 2654 roPetrus
290 2595 450 2669 episcopus,
476 2595 530 2652 sub
553 2612 607 2667 quo
630 2596 685 2653 iste
707 2597 772 2653 erat
795 2595 891 2653 doctor
914 2593 1040 2655 scholae.
1078 2592 1132 2663 Qui
1155 2594 1283 2652 latenter

154 2699 276 2757 docebat
298 2716 360 2757 esse
382 2696 487 2756 Filium
510 2698 649 2757 minorem
672 2700 759 2757 Patra
782 2701 813 2757 et
836 2698 975 2771 Spiritum
999 2699 1130 2755 sanctum
1146 2698 1283 2755 minorem

153 2805 284 2876 utroque.
323 2802 402 2860 Tunc
424 2802 527 2861 Petrus
555 2805 661 2863 missus
684 2804 730 2861 est
751 2820 768 2861 a
790 2802 911 2879 Licinio,
935 2803 1010 2860 socio
1035 2798 1227 2870 Constantini,
1251 2798 1282 2857 in

155 2922 299 2964 carcerem
321 2908 439 2977 propter
461 2905 545 2963 fidem
561 2905 742 2976 catholicam,
760 2922 845 2979 quem
861 2904 1054 2978 praedicabat,
1084 2903 1136 2961 Cui
1152 2903 1284 2961 Christus

157 3006 293 3080 apparuit
315 3007 344 3064 in
367 3006 461 3080 speeie
484 3008 565 3080 pueri
587 3007 771 3080 pulcherrimi
794 3007 927 3066 inductus
950 3005 1058 3067 colobio
1081 3005 1284 3064 candidissimo

122 3126 147 3165 se
157 3112 225 3168 adeo
259 3112 291 3167 ut
324 3109 371 3168 uix
405 3108 530 3181 conspici
563 3110 672 3182 posset,
710 3110 762 3168 sed
796 3109 952 3168 dilacerato
985 3108 1078 3169 ueluti
1109 3126 1126 3166 a
1152 3106 1284 3167 canibus.

157 3211 268 3272 Deinde
297 3213 401 3270 Petrus
429 3214 569 3283 grauatus
598 3213 724 3284 pondere
755 3212 932 3288 catenarum,
963 3210 1068 3284 quibus
1092 3214 1154 3270 erat
1176 3210 1286 3283 ligatus

158 3317 186 3374 et
208 3332 266 3375 non
290 3314 391 3374 ualens
414 3330 541 3388 surgere,
565 3314 703 3373 clamauit
726 3314 841 3373 dicens:
866 3313 986 3372 Domine
1008 3313 1072 3387 quis
1088 3314 1174 3372 itate
1190 3306 1286 3373 affecit

158 3420 186 3478 .i·
209 3414 400 3479 dilacerauit?
423 3418 474 3477 Oui
496 3418 570 3477 dixit
593 3418 748 3477 Dominus:
771 3417 874 3477 Arrius
896 3434 940 3475 me
962 3417 1058 3489 scidit,
1082 3416 1183 3475 diuisit
1209 3414 1287 3476 enim

158 3514 204 3581 me
226 3539 244 3580 a
266 3524 347 3595 patre
376 3538 446 3592 meo,
476 3522 526 3581 sed
555 3520 621 3580 uide
650 3536 686 3578 ne
714 3520 741 3580 ei
763 3520 962 3580 communices.
1001 3520 1106 3579 Postea
1133 3519 1285 3578 interfecto

124 3638 151 3677 ro
159 3625 271 3685 Licinio
293 3643 311 3683 a
334 3624 529 3697 Constantino,
554 3625 622 3699 quia
644 3624 705 3685 eius
728 3624 878 3697 imperium
901 3624 1017 3683 uolebat
1030 3622 1204 3696 praeripere,
1220 3639 1285 3682 con·

160 3727 294 3802 gregauit
322 3728 531 3787 Constantinus
563 3728 715 3786 maximam
749 3728 889 3801 synodum
921 3728 1116 3786 trecentorum
1150 3724 1287 3785 uidelicet

160 3833 189 3888 et
210 3830 235 3886 ll
259 3833 288 3889 et
311 3830 385 3890 VIII
407 3830 604 3905 episcoporum
634 3830 761 3903 exceptis
793 3828 959 3888 diaconibus
982 3830 1012 3887 et
1041 3827 1206 3901 abbatibus,
1237 3826 1288 3886 ubi

265 4046 373 4102 1110h.
393 4047 433 4113 re,
452 4046 487 4100 24
589 4047 623 4101 15
641 4046 741 4101 Psalm.
762 4046 818 4111 nr,
836 4045 870 4099 22

214 4256 247 4307 14
276 4227 379 4322 »palmo
407 4258 431 4321 (s
457 4256 538 4319 eros.)
567 4254 594 4307 A
731 4253 766 4307 30
797 4223 950 4307 coustantii>
977 4253 1005 4317 (n
1033 4266 1052 4305 a
1077 4266 1112 4304 m.
1138 4252 1166 4317 1)
1194 4248 1222 4301 A

161 4378 196 4432 ea
214 4342 317 4444 iteris,
334 4377 362 4430 A
