3106 5250
309 446 374 511 274
803 442 940 513 Sedulii

309 638 406 721 siguis
434 639 479 701 ita
510 634 684 699 manifestis
714 632 848 717 inpulsa,
879 635 1005 699 Domini
1035 636 1107 699 Iesu
1136 632 1253 699 Christi
1283 634 1436 698 deitatem

309 740 441 806 credidit
464 738 676 820 adprobatam.
714 738 841 819 quidam
867 738 951 801 euim
973 737 1138 820 strepitum
1160 737 1256 803 fuisse
1278 738 1437 801 tonitruus

309 842 522 919 adstruebant,
547 841 602 906 alii
624 840 763 905 locutum
794 841 860 904 eius
889 841 1035 923 angelum
1057 840 1271 922 disputabant.
1305 841 1435 921 oplehs

309 944 406 1011 oculis
423 963 494 1008 uero
511 961 599 1008 caeca
614 948 644 1007 et
661 944 749 1007 corde
766 943 937 1021 durissima,
954 946 992 1007 de
1007 962 1068 1026 qua
1082 943 1270 1024 prophetans
1286 943 1332 1005 ita
1347 944 1435 1007 locu-

308 1049 360 1112 tus
383 1051 430 1111 est
452 1047 575 1111 Esaias:
607 1045 837 1110 obcaecauit
860 1045 993 1109 oculos
1016 1063 1144 1109 sorum
1167 1052 1204 1109 et
1226 1046 1435 1111 indurauit
1462 1066 1474 1102 ⁵

307 1168 372 1215 cor
404 1167 549 1227 eorum,
583 1150 643 1213 uti
675 1167 719 1213 ne
752 1148 916 1213 uideant
952 1150 1080 1213 oculis
1115 1152 1153 1212 et
1186 1149 1434 1231 intellegant

308 1253 422 1319 corde
459 1253 497 1317 et
529 1252 829 1329 conuertuntur,
865 1253 904 1317 et
936 1271 1069 1317 sanem
1103 1270 1178 1316 eos,
1217 1271 1315 1334 usque
1349 1254 1432 1316 euim

309 1356 465 1422 tonitruus
488 1355 648 1421 Christum
670 1356 726 1421 aut
740 1356 867 1437 angelus
883 1357 1023 1419 creatura
1037 1374 1128 1420 suum
1144 1356 1306 1439 generauit
1322 1358 1433 1419 aucto-

306 1478 384 1537 rem‚
407 1459 458 1523 cui
480 1459 629 1523 clamanti
651 1458 840 1523 confidenter
861 1457 900 1522 ad
918 1458 1045 1522 Patrem
1067 1458 1140 1522 ilico
1163 1459 1373 1541 respondisset
1396 1460 1433 1523 ut

306 1562 410 1639 Pater,
433 1560 488 1625 sad
509 1562 548 1625 ah
563 1579 614 1625 ore
630 1560 688 1624 Dei
703 1560 878 1643 specialiter
892 1560 1008 1638 Patris,
1026 1560 1079 1643 qui
1094 1560 1211 1626 Filium
1228 1580 1302 1624 uere
1317 1578 1431 1644 cogno·
1445 1585 1473 1625 ro

279 1696 283 1703 ·
309 1666 364 1743 uit,
386 1665 549 1745 reloquens
571 1682 629 1728 uox
651 1663 808 1746 prooessit,
838 1666 875 1728 nt
895 1664 1083 1728 hac‘saltim
1104 1663 1224 1728 ratione
1246 1670 1433 1746 compuncta

307 1768 400 1833 turba
421 1766 516 1831 nimis
538 1768 697 1831 incredula
718 1784 786 1831 saro
810 1767 979 1831 caelestem
1001 1769 1165 1831 duceretur
1181 1768 1220 1832 ad
1235 1767 1338 1831 fidem.
1372 1768 1432 1833 hoc

307 1874 355 1935 est
376 1870 484 1953 itaquo
504 1871 632 1935 Patrem
654 1871 734 1936 Filio
756 1872 949 1953 respondere,
974 1889 1048 1936 suae
1064 1874 1133 1936 uoci
1160 1871 1308 1935 similiter
1323 1888 1432 1935 conso-

307 1992 391 2056 nare,
421 1975 569 2056 quoniam
597 1973 692 2037 uerbo
714 1974 838 2055 genitus
865 1975 995 2039 uerbum
1017 1973 1123 2038 Patris
1152 1976 1201 2038 est
1222 1972 1375 2050 Christus,
1400 1975 1433 2038 et

306 2077 416 2161 parilis
439 2077 618 2142 coniectura
645 2078 795 2142 sermonis
818 2077 945 2142 Patrem
968 2078 1122 2142 reuelanit
1144 2077 1178 2141 iu
1201 2078 1291 2159 Filio,
1315 2077 1431 2142 Filium
1444 2104 1470 2143 15

306 2180 459 2246 reuelanit
480 2180 514 2243 iu
537 2180 638 2245 Patre.

278 2316 296 2376 2
349 2302 435 2366 Tunc
453 2301 549 2367 annui
570 2302 765 2366 sacramento
788 2301 924 2367 conuiuii
946 2318 1016 2364 curu
1039 2300 1199 2382 paschales
1223 2301 1329 2384 epulas
1352 2301 1432 2365 cele·

306 2405 410 2470 hraret
442 2424 477 2470 ex
510 2424 604 2487 more,
639 2407 675 2471 ut
707 2406 918 2471 humilitatem
947 2405 1039 2488 diligi
1067 2424 1122 2470 suo
1152 2405 1255 2488 potius
1289 2405 1432 2468 edoceret

307 2508 459 2591 exemplo,
490 2509 622 2572 surrexit
643 2526 679 2572 ac
700 2508 799 2572 linteo
822 2526 855 2572 se
883 2508 1056 2590 praecinxit
1078 2509 1245 2589 doctorque
1267 2506 1431 2590 discipulis

307 2613 460 2677 Dominus
488 2629 564 2688 sese,
595 2610 721 2676 famulis
750 2612 842 2694 pedes
876 2611 1014 2688 abluens,
1048 2606 1213 2675 inchnauit
1246 2611 1433 2691 tantumque
1442 2635 1469 2674 co

307 2733 380 2779 suae
402 2715 545 2795 deposuit
567 2714 732 2797 fastigium
754 2712 929 2797 potestatis,
952 2717 989 2777 ut
1011 2712 1051 2778 ab
1066 2715 1158 2778 huius
1174 2713 1311 2795 obsequii
1328 2714 1432 2795 digni·

307 2819 372 2882 tate
404 2835 460 2881 nec
492 2815 603 2881 Iudam
635 2816 761 2880 lecisset
795 2818 956 2894 exsortem,
995 2835 1087 2898 quem
1121 2818 1269 2882 nefandae
1302 2822 1432 2881 uouerat

408 3030 425 3083 5
447 3028 480 3082 cf.
498 3028 522 3092 6,
542 3028 575 3082 10

360 3224 443 3294 lita]
462 3224 527 3278 item
546 3224 580 3277 H
673 3224 774 3278 deitate
791 3227 823 3277 H
916 3225 1054 3279 tonitruus
1072 3227 1139 3289 PB,
1169 3227 1274 3279 tonitru
1293 3225 1331 3290 R,
1361 3228 1432 3280 toui-

305 3308 361 3362 trui
378 3309 431 3364 Hc
522 3310 728 3364 3asstrucbaut
745 3310 813 3376 ΒΒ,
844 3311 1034 3365 astruebanto
1119 3312 1175 3379 ples
1193 3313 1220 3366 P
1303 3313 1431 3382 doculis]

306 3410 375 3449 eras.
392 3396 425 3448 ia
442 3395 485 3463 Η,
518 3411 602 3449 osan
687 3399 716 3450 et
734 3412 819 3452 omo
921 3397 1035 3451 hisaias
1052 3398 1105 3451 PB
1202 3398 1299 3466 oculos]
1318 3414 1342 3464 o,
1362 3413 1432 3451 corr.

306 3496 341 3533 ec
362 3496 381 3533 u
405 3480 433 3534 Β
535 3482 607 3535 dut
630 3480 692 3536 PH
790 3499 837 3537 ua*
858 3486 884 3550 (c
901 3486 981 3551 eros.)
1007 3481 1042 3537 H
1140 3484 1315 3551 intellegatur
1337 3485 1365 3537 P

305 3600 323 3653 8
349 3599 456 3655 tonitru
481 3601 522 3667 Β,
558 3601 675 3656 tonitrus
702 3603 731 3656 P
753 3602 788 3668 cf.
812 3619 836 3658 v.
861 3607 896 3658 15
998 3575 1118 3657 autorem
1143 3604 1175 3657 H
1275 3605 1291 3656 9
1319 3604 1365 3656 ill*
1393 3604 1433 3671 H,

306 3685 389 3741 illic
491 3688 701 3758 respoudllilllllet
718 3688 760 3755 Η,
792 3688 962 3757 responderet
979 3691 1049 3744 cocci.
1068 3691 1150 3743 Areo.
1255 3690 1287 3743 10
1312 3690 1369 3741 dae*
1392 3689 1431 3754 H,

305 3771 359 3825 diei
385 3773 407 3827 I
504 3774 551 3843 qui
577 3790 628 3829 om.
654 3774 742 3831 PBH
841 3775 872 3829 11
899 3774 963 3829 haec
988 3775 1023 3841 P,
1049 3775 1069 3827 h
1096 3791 1131 3829 esc
1157 3774 1175 3827 d
1201 3775 1228 3829 Β
1333 3774 1432 3828 saltem

305 3892 345 3946 Βι
441 3896 596 3962 compuncte
612 3894 640 3949 Β
738 3894 771 3948 12
788 3866 869 3948 nimius
887 3897 916 3963 (u
933 3911 968 3949 m.
986 3894 1033 3959 ol.)
1052 3894 1079 3948 Β
1174 3894 1296 3948 coelitem
1313 3895 1363 3950 Bc

305 3978 413 4033 duceret
439 3977 479 4043 Β,
515 3978 655 4033 deduceret
680 3996 696 4034 c
849 3981 882 4035 13
906 3982 979 4036 uocis
1004 3986 1028 4047 (s
1053 3982 1132 4049 mas.)
1158 3981 1201 4047 H,
1236 3984 1308 4035 uocis
1335 3983 1363 4035 Β

306 4064 512 4119 consimilitaro
598 4066 631 4119 15
648 4066 781 4151 releuauit
799 4066 827 4120 Β
920 4066 952 4119 16
969 4070 1072 4136 patrem
1090 4068 1144 4121 PB
1232 4068 1317 4122 11111
1335 4082 1431 4122 onnus

305 4170 358 4236 uu‘n
380 4198 416 4238 uu
439 4168 627 4241 summanr?
649 4200 782 4241 uxnnnuo
805 4187 847 4253 Β,
882 4186 1022 4255 discipulis
1039 4174 1089 4240 dns
1107 4187 1185 4255 podes
1202 4187 1291 4241 abluit
1311 4187 1363 4241 Hc

306 4269 464 4441 cornui)ui1¹1(i
486 4305 572 4358 sopra
594 4306 613 4343 α
629 4289 765 4357 11121Β
867 4290 1019 4345 calabraret
1046 4290 1074 4344 Β
1176 4291 1207 4344 21
1236 4291 1382 4360 dignitate*
1407 4292 1432 4360 (a

306 4386 375 4426 eros.
