3106 5250
274 470 339 537 336
749 466 933 535 Appendix.

131 665 366 723 accrescere.
403 662 589 735 Delapsus
613 662 639 719 ·i·
663 660 799 719 dimissus
822 660 868 720 uel
892 660 1074 719 descendens.
1112 660 1252 720 Labore
1275 660 1303 718 ·i·
1329 665 1427 722 mitte

277 768 307 824 te
330 764 472 823 deorsum.
502 764 695 837 Imperatiuus
719 765 764 822 cst
786 781 803 821 a
826 762 915 823 uerbo
930 763 1023 825 labor.
1055 762 1231 836 Fastigia
1246 764 1275 822 ·i·
1293 765 1428 823 summi·

276 870 374 940 tatem,
404 868 512 942 pinnae
550 870 617 924 sunt
651 866 802 925 cacumina
820 866 847 924 ·i·
871 866 1052 926 sublimiores
1079 870 1177 939 partes
1206 868 1318 926 domus.
1364 868 1428 928 Hic

278 972 374 1031 autem
396 988 447 1045 pro
471 970 609 1029 tabulatis
631 970 728 1044 posuit
749 970 859 1043 templi.
893 969 1043 1045 'templum
1067 968 1173 1031 domini
1196 971 1427 1031 tricameratum

278 1076 341 1134 erat
359 1075 385 1132 ·i·
408 1074 496 1132 trium
520 1073 731 1134 tabulatorum:
763 1076 882 1133 aterra
903 1090 994 1147 usqne
1017 1074 1053 1132 ad
1077 1076 1199 1147 primum
1221 1074 1299 1132 XXX
1323 1075 1429 1134 cubiti
1453 1090 1467 1131 a

278 1180 370 1255 erant,
404 1196 422 1236 a
455 1177 546 1251 prime
575 1193 665 1250 usque
696 1178 730 1235 ad
761 1177 918 1235 secundum
947 1176 997 1234 alii
1019 1176 1106 1247 XXX,
1135 1177 1298 1236 asecundo
1323 1194 1430 1251 usque

280 1281 317 1339 ad
350 1282 470 1339 tertium
499 1280 564 1355 LX,
602 1296 666 1339 ecce
699 1279 781 1338 CXX.
827 1280 1008 1339 Guruanit
1038 1280 1064 1337 ·i·
1100 1279 1245 1350 formauit,
1281 1281 1430 1340 curuauit

280 1386 348 1459 quia
372 1384 403 1442 in
425 1384 539 1443 medum
563 1400 692 1442 camerae
722 1384 791 1442 sunt
824 1383 908 1443 caeli.
953 1381 1092 1442 Vectus
1115 1384 1142 1441 ·i·
1170 1384 1342 1457 deportatus
1369 1401 1430 1443 sua

279 1486 371 1561 ipsius
399 1488 515 1559 uirtute,
550 1487 626 1546 sicut
656 1485 690 1544 de
713 1485 824 1558 Spiritu
853 1488 954 1545 sancte
985 1486 1100 1559 passiue
1130 1485 1253 1560 legimus
1280 1482 1428 1560 ‘Spiritus

281 1591 386 1649 domini
402 1589 548 1648 ferebatur
560 1605 645 1661 super
660 1584 769 1661 aqnas’.
795 1588 888 1661 Aque
901 1590 978 1647 enim
991 1588 1115 1647 ferretur
1126 1588 1182 1647 nisi
1198 1605 1251 1647 sua
1262 1590 1427 1660 potentia?
1439 1610 1468 1650 ro

282 1694 443 1766 cuspide
466 1693 493 1750 ·i·
515 1691 627 1767 lancea,
650 1691 834 1751 iaculatione.
869 1691 1002 1751 Gladium
1025 1692 1097 1752 dixit
1120 1695 1239 1753 uerbum
1254 1694 1313 1765 dei,
1339 1697 1428 1754 unde

281 1796 430 1870 apostolus
454 1798 484 1855 et
506 1796 633 1869 gladium
656 1795 788 1869 spiritus,
812 1794 887 1869 quod
911 1798 956 1854 est
979 1796 1098 1855 uerbum
1114 1797 1170 1866 dei,
1187 1814 1241 1871 quo
1257 1799 1329 1857 tnnc
1347 1799 1427 1858 deus

282 1901 408 1973 aliquem
430 1901 565 1973 percutit,
589 1916 652 1957 cum
676 1899 710 1957 de
733 1903 882 1970 peccatore
905 1899 996 1957 elficit
1011 1900 1129 1959 iustum.
1175 1901 1426 1974 Praecipites

283 2005 309 2063 ·i·
332 2004 475 2062 cadentes.
521 2002 776 2073 confringens
813 2000 1014 2074 sapientie.
1060 2002 1208 2077 Sapientia
1241 2004 1428 2063 neutraliter

283 2107 365 2166 dixit.
405 2105 569 2178 confringit
595 2106 664 2163 deus
687 2104 786 2174 fortes,
818 2120 882 2163 cum
906 2121 954 2165 eos
985 2105 1128 2163 atimcre
1151 2105 1306 2178 superbiae
1329 2106 1427 2166 deicit
1438 2129 1466 2170 ra

284 2214 314 2269 et
328 2208 365 2268 ad
379 2226 478 2268 ueram
493 2207 686 2267 humilitatem
702 2209 789 2267 ducit.
824 2208 924 2267 Perdit
946 2208 1103 2281 sapientes,
1127 2225 1191 2268 omn
1213 2227 1321 2269 uanam
1337 2212 1428 2285 sapi-

284 2314 390 2373 entiam
416 2313 531 2371 illerum
554 2312 678 2370 destruit
699 2314 730 2371 et
752 2313 789 2371 ad
811 2328 918 2382 ueram,
942 2328 1015 2385 quae
1038 2312 1172 2372 Christus
1195 2314 1250 2384 est,
1273 2313 1426 2386 perducit.

285 2415 350 2474 Non
371 2416 460 2488 elegit
477 2416 547 2474 dens
570 2416 701 2473 rhetores
717 2416 747 2474 et
770 2414 918 2488 sapientes
937 2417 967 2473 et
988 2398 1185 2494 imperatores,
1208 2418 1258 2475 sed
1273 2433 1428 2490 pauperes

286 2522 314 2576 et
346 2519 468 2577 humiles
498 2520 527 2575 ot
561 2519 729 2591 piscatores.
774 2518 952 2577 Tractare
974 2518 1002 2575 ·i·
1025 2519 1141 2580 sectari.
1186 2518 1425 2591 Germanum,

286 2623 355 2695 quia
377 2622 483 2680 fratres
506 2638 621 2692 sumus;
655 2638 808 2695 germanus
830 2621 946 2695 proprie
968 2621 1083 2691 dicitur,
1107 2622 1189 2695 quasi
1211 2623 1246 2681 de
1268 2638 1327 2680 uno
1351 2640 1465 2696 ger-20

287 2725 365 2784 mine
394 2726 487 2797 patris
516 2742 645 2784 manans.
686 2724 837 2784 Vetusti
862 2725 938 2784 doli
961 2725 988 2782 ·i·
1012 2727 1148 2798 antiquae
1168 2724 1288 2784 fraudis.
1325 2725 1425 2786 Vetus

287 2827 384 2887 dolum
403 2828 430 2884 ·i·
453 2828 594 2900 originale
616 2828 775 2900 peccatum.
808 2827 910 2886 Dolum
933 2828 1006 2899 ideo,
1031 2830 1099 2902 qnia
1120 2829 1219 2888 fraude
1242 2828 1349 2888 diaboli
1375 2829 1425 2887 in-

288 2930 409 2990 missum
426 2933 487 2999 est;
511 2946 580 3003 ergo
598 2930 733 2990 debemus
749 2931 846 2991 delere
862 2931 1000 2990 inuidiam
1016 2931 1050 2990 de
1066 2931 1197 2990 cordibus
1212 2930 1330 3003 nostris,
1346 2948 1426 3006 quae

288 3051 355 3093 uere
379 3034 488 3093 diaboli
510 3035 580 3093 nota
602 3037 656 3093 est.
694 3033 863 3108 Degener
885 3035 990 3093 dicitur
1006 3036 1055 3108 qui
1072 3052 1127 3094 non
1144 3035 1298 3107 respondet
1312 3034 1425 3093 nobili-

288 3136 345 3195 tati
371 3139 523 3209 parentum
547 3137 575 3195 ·i·
597 3138 646 3210 qui
676 3138 739 3195 suis
769 3137 854 3196 factis
877 3154 908 3197 se
930 3136 1086 3209 ignobilem
1109 3137 1234 3208 exhibet,
1257 3154 1289 3194 ·s·
1311 3139 1383 3194 tuuc
1406 3154 1465 3201 aas

289 3240 340 3299 deo
363 3239 578 3313 degeneramus,
611 3256 675 3298 curn
698 3256 749 3298 nos
773 3241 896 3299 inuicem
919 3241 1040 3300 odimus.
1078 3241 1183 3299 Sicut
1207 3240 1426 3300 benedicier

289 3345 399 3415 idem,
422 3360 531 3416 magna
552 3344 716 3404 subauditio
740 3345 795 3416 est,
819 3360 851 3402 ·s·
875 3344 917 3403 sio
939 3344 1020 3403 iubet
1042 3360 1073 3401 se
1097 3343 1274 3403 sanctificari
1292 3360 1310 3401 a
1327 3343 1424 3415 nobis,

290 3463 384 3520 aquo
408 3447 623 3506 sanctificamur
644 3463 750 3520 omnes,
782 3446 859 3507 sicut
881 3446 961 3505 iubet
990 3446 1065 3505 idem
1094 3445 1222 3506 benedici
1244 3464 1262 3504 a
1284 3446 1382 3521 nobis,
1407 3464 1426 3504 a

291 3564 346 3623 quo
376 3550 570 3609 benedicimur
596 3567 705 3610 omnes.
743 3553 816 3609 Iam
846 3550 988 3623 iamque
1018 3549 1186 3608 aduerbium
1216 3551 1262 3609 est
1292 3551 1424 3623 optantis

292 3649 318 3707 .i·
341 3650 408 3723 cito,
432 3651 563 3710 dominus
586 3670 699 3725 semper
722 3655 751 3710 et
773 3651 880 3724 ubique
906 3656 1020 3726 regnat,
1045 3670 1075 3710 ·s·
1099 3654 1232 3728 petimus,
1256 3654 1288 3711 ut
1309 3669 1363 3712 uos
1387 3653 1465 3715 adeo

292 3772 323 3813 se
353 3756 447 3828 ipsum
479 3754 618 3828 colligens
649 3756 752 3829 regnet
782 3755 812 3814 in
843 3757 934 3818 nobis
980 3756 1057 3814 Non
1088 3756 1290 3815 succedunt
1315 3755 1342 3812 ·i·
1366 3772 1424 3814 uon

292 3858 461 3919 aduenient.
506 3860 575 3917 Per
605 3874 740 3919 aeuum.
785 3861 896 3917 Aenum
926 3876 978 3932 pro
1008 3860 1201 3932 perpetuitate
1235 3859 1360 3936 ponitur,
1395 3862 1426 3919 et

293 3960 375 4021 uenit
394 3980 412 4021 a
430 3978 533 4036 graeco
556 3962 631 4035 quod
654 3965 699 4020 est
722 3965 915 4036 contempus,
939 3962 1013 4020 nihil
1036 3962 1115 4022 aliud
1137 3966 1182 4024 est
1205 3963 1261 4022 nisi
1277 3979 1381 4023 cursus
1396 3965 1426 4021 et

292 4064 459 4125 uicissitudo
482 4083 575 4126 rerum
592 4066 620 4123 ·i·
635 4082 696 4125 cunr
717 4066 773 4126 diei
789 4082 844 4126 nox
859 4068 888 4125 et
904 4067 982 4125 nocti
997 4070 1156 4127 succedunt
1172 4067 1241 4126 dies.
1282 4065 1426 4126 Corona

345 4320 358 4372 1
383 4285 500 4375 dimisae
518 4322 546 4374 A
650 4321 667 4374 2
690 4304 800 4374 ‘¹⁰orsnm
825 4323 867 4391 (de
885 4340 902 4377 α
919 4339 953 4376 m.
972 4324 1002 4390 2)
1021 4324 1048 4374 A
1152 4324 1184 4375 11
1203 4319 1310 4389 gladius
1328 4322 1355 4373 A

293 4404 326 4458 14
342 4404 462 4461 rethores
480 4409 506 4461 A
