3106 5250
314 420 379 485 346
789 418 971 487 Appendiu.

182 626 378 684 111-1111111,
413 612 533 685 ideoque
566 610 729 685 corripitur.
774 610 956 669 Prohibet
978 612 1006 669 ·i·
1030 628 1086 671 nou
1114 610 1187 681 uult,
1222 614 1255 670 ut
1284 626 1344 684 per
1367 608 1462 671 talem

314 718 419 773 testem
453 716 650 793 annuntietur,
684 715 752 789 quie
788 732 842 774 non
878 717 923 773 ost
957 716 1083 787 pretiosa
1125 716 1154 774 iu
1190 732 1238 774 ore
1273 716 1460 789 peccatoris.

314 817 453 891 Nigrae
477 818 618 877 mortis.
653 818 772 891 Nigrum
796 820 915 877 mortem
935 818 1006 878 dieit
1020 836 1038 877 a
1052 836 1164 891 graeco,
1188 819 1264 891 quod
1280 821 1330 877 est
1346 818 1461 877 nieros.

313 921 390 979 Nam
414 923 512 993 nigros
528 920 706 994 appellamus
722 924 860 989 mortuus,
879 920 955 979 sieut
970 923 999 979 et
1013 923 1151 981 carrdidos
1166 922 1313 980 uiuentes.
1355 921 1460 981 Arni-

314 1040 400 1083 eum
435 1024 567 1083 Amicum
592 1024 671 1081 illins
695 1024 827 1095 dicimus,
850 1024 972 1083 amicum
995 1024 1039 1083 illi
1055 1024 1247 1097 possessiunnu
1262 1026 1322 1096 est,
1341 1024 1461 1083 amicus
1481 1042 1494 1082 1

314 1126 357 1185 illi
387 1127 603 1201 adquisitinum.
648 1128 789 1199 lingens
813 1128 839 1184 ·i·
864 1128 1017 1199 nauigans,
1048 1128 1122 1186 unde
1145 1126 1303 1201 Virgilius:
1333 1127 1461 1201 Legunt

315 1232 380 1289 uela
402 1233 429 1289 ·i·
452 1230 601 1305 nauigant.
640 1230 857 1304 Spiramina.
892 1230 1055 1303 spiramina
1072 1232 1155 1289 uocat
1171 1246 1283 1301 sensus,
1309 1247 1366 1303 per
1382 1246 1461 1303 quos

314 1338 466 1408 spiramus.
521 1335 654 1407 Raptis
698 1333 966 1407 penetralibus
1003 1334 1030 1391 ·i·
1067 1332 1251 1393 interioribus
1288 1333 1459 1403 reseratis;

313 1440 463 1512 penetrale
486 1442 533 1497 est
555 1440 698 1496 secretum
721 1438 910 1511 penetrabile,
940 1440 1015 1511 quod
1038 1436 1186 1510 penetrari
1208 1438 1316 1510 potest.
1366 1437 1458 1495 Pre-

313 1544 486 1603 oumbens
517 1542 544 1599 ·i·
567 1543 700 1599 damnate
735 1542 836 1601 oeulis.
875 1542 1002 1615 Speciem
1037 1540 1191 1600 simulatae
1224 1540 1328 1599 mortis
1364 1544 1492 1602 uocatae

313 1647 491 1718 eaecitatem,
514 1662 571 1718 qua
592 1643 698 1704 mortni
720 1662 777 1702 non
800 1646 911 1705 uident.
957 1646 1100 1717 Stagna
1123 1644 1149 1701 ·i·
1175 1659 1260 1703 mare.
1298 1644 1456 1716 Stagnum

314 1750 419 1809 dieitur
441 1767 458 1807 1
480 1749 594 1825 stando,
618 1747 667 1806 nbi
691 1766 764 1822 aqua
786 1751 856 1808 stat.
891 1748 931 1804 In
955 1748 1041 1806 alno
1065 1747 1093 1803 ·i·
1118 1749 1147 1804 in
1170 1746 1316 1807 nauicula.
1354 1746 1457 1805 Aluus

314 1856 360 1913 est
382 1853 491 1924 speeies
513 1851 636 1917 arboris.
669 1854 703 1909 do
726 1868 783 1923 qua
805 1854 993 1923 1111111111,
1017 1850 1097 1923 ponit
1120 1853 1216 1908 antem
1239 1850 1370 1921 speeiem
1396 1868 1455 1923 pro

313 1971 426 2027 genero.
457 1954 616 2027 Aapnosis
640 1954 817 2025 gentibus
835 1955 862 2012 ·i·
878 1954 1016 2027 piscibus.
1041 1954 1081 2012 lle
1097 1953 1224 2027 piscibus
1240 1954 1348 2023 gentes
1366 1952 1454 2020 dicit,

313 2060 388 2121 sieut
411 2059 551 2131 Virgilius
574 2060 609 2117 de
631 2058 735 2131 apibus
761 2056 867 2130 ‘gentis
896 2057 1009 2117 adultos
1032 2060 1157 2115 educunt
1186 2052 1290 2116 foetus’
1316 2060 1348 2113 et
1372 2057 1490 2121 idemne

313 2162 376 2237 ipse
397 2162 431 2219 de
453 2162 581 2236 piscibus
607 2157 676 2219 ‘ibet
698 2178 763 2221 eum
791 2160 868 2218 uasti
890 2162 996 2218 circum
1018 2176 1089 2231 genis
1113 2160 1229 2217 humida
1251 2154 1357 2231 ponti‘,
1383 2178 1453 2219 cum

313 2266 348 2324 de
377 2266 481 2323 Proteo
510 2265 684 2337 loqueretur.
729 2263 921 2337 Exequiis.
962 2263 1106 2337 Exequiae
1136 2264 1204 2321 sunt
1233 2260 1340 2335 ollieie,
1373 2281 1455 2337 quae

313 2369 434 2427 mortuis
456 2366 661 2439 inponeretur,
685 2368 763 2425 dicte
785 2367 821 2425 ab
839 2368 1014 2439 exequendo.
1038 2366 1179 2424 Funere
1193 2366 1219 2423 ·i·
1235 2368 1338 2443 morte,
1358 2364 1455 2427 funus

314 2471 418 2529 dieitur
452 2487 528 2529 mors
559 2470 718 2528 aturribus
745 2470 772 2527 ·i·
800 2468 938 2528 candelis.
984 2468 1125 2527 1111111111
1159 2468 1228 2526 sunt
1261 2467 1349 2525 funes
1380 2486 1455 2529 uera

314 2574 407 2634 obliti.
450 2574 550 2633 Vrua
580 2572 606 2629 ·i·
636 2571 785 2646 sepultura
813 2573 861 2631 uel
895 2572 992 2631 ruariti
1023 2574 1067 2631 uel
1095 2572 1159 2633 filii.
1193 2572 1271 2629 Vena
1298 2587 1353 2629 uas
1385 2576 1490 2641 111111

315 2674 1450 2749 mmmwwfflmmmmmmmmwmmmmm

314 2780 463 2853 sepultura
477 2780 605 2852 ponitur,
622 2779 697 2837 idem
712 2781 756 2837 111
772 2782 801 2838 11
816 2780 961 2838 memoria.
985 2781 1144 2838 Feretro.
1161 2780 1311 2838 Feretrum
1327 2794 1450 2853 graece,

312 2882 403 2941 latine
432 2882 551 2956 capulus
574 2900 592 2940 a
619 2882 766 2955 capiendo.
804 2883 952 2942 Feretrum
982 2886 1010 2941 et
1040 2883 1148 2942 faretra
1175 2883 1211 2941 ab
1241 2900 1297 2941 uno
1328 2898 1451 2960 graeco,

313 2986 388 3058 qnod
411 2989 456 3044 est
477 2986 559 3045 toron
582 2986 704 3044 ueniunt
718 2986 745 3043 ·i·
760 2987 844 3047 ferre.
871 2987 964 3047 Vnum
983 2988 1059 3046 enim
1074 2986 1132 3044 fert
1148 2988 1298 3057 mortuum,
1316 2985 1452 3044 alterum

313 3093 443 3151 mortem.
488 3089 670 3147 Residens
692 3092 722 3147 et
744 3089 898 3163 loquens
921 3092 977 3149 duo
1006 3090 1090 3162 sigua
1120 3092 1187 3147 sunt
1219 3090 1305 3156 uitae,
1338 3090 1371 3145 et
1401 3094 1489 3152 estro

313 3191 518 3269 hysterologia,
552 3193 676 3265 primum
713 3195 788 3253 enim
825 3194 940 3269 reuixit,
978 3194 1080 3252 deinde
1117 3193 1233 3252 resedit.
1279 3190 1451 3252 Candida

313 3311 443 3369 pompa
466 3297 492 3353 i·
515 3294 592 3354 laeta
620 3296 723 3368 gloria.
757 3298 820 3356 Mos
843 3297 979 3371 antiquus
1008 3301 1080 3367 1111,
1104 3300 1136 3354 ut
1159 3297 1189 3353 in
1211 3296 1449 3355 aduersitatibus

313 3401 344 3456 11
366 3398 512 3458 doloribus
535 3398 625 3472 pullis
649 3400 779 3459 uestibus
803 3400 830 3458 ·i·
853 3400 946 3473 nigris
967 3400 1164 3472 induerentur,
1193 3399 1225 3457 in
1246 3398 1448 3471 prosperitate

313 3515 380 3558 uero
403 3504 432 3558 et
456 3500 485 3559 in
514 3502 628 3561 laetitia
656 3503 795 3577 candidis,
825 3504 879 3563 hoe
908 3506 954 3563 est
982 3504 1058 3577 quod
1087 3504 1160 3562 dieit
1182 3502 1301 3561 eandida
1324 3518 1446 3576 pompe.

313 3602 513 3675 Squameus
535 3622 587 3679 pro
609 3622 787 3677 squamosus.
822 3608 935 3679 Argaris
957 3606 1062 3664 dieitur
1077 3623 1245 3679 squamosus
1261 3604 1288 3661 ·i·
1305 3621 1485 3677 squamasao

313 3706 430 3778 habens,
461 3708 537 3766 sient
557 3708 646 3782 piscis
669 3712 704 3768 ad
727 3713 839 3770 modum
862 3710 977 3783 loricae,
1011 3711 1085 3768 unde
1107 3708 1336 3768 inuulnerabiles
1360 3711 1444 3767 snut.

312 3804 488 3869 Gabenna
515 3812 707 3885 compositum
735 3818 780 3872 est
806 3832 839 3871 ex
862 3832 897 3886 ge
920 3816 948 3872 et
971 3830 1044 3871 erma
1065 3816 1095 3871 et
1125 3812 1331 3886 interpretatur
1354 3811 1446 3870 uallis

311 3912 457 3985 gratuita3
487 3931 523 3987 ge
546 3916 623 3975 onim
653 3916 788 3975 1111111111
817 3916 905 3975 uallis
934 3917 1048 3986 dieitur,
1071 3916 1193 3975 Hannon
1216 3914 1332 3989 quidam
1356 3914 1445 3973 homo

415 4132 431 4185 6
450 4133 562 4187 1111111.
581 4132 625 4186 III
645 4133 696 4186 532
792 4133 823 4186 15
842 4130 888 4185 Ge.
908 4132 948 4187 IV
968 4132 1018 4185 162
1111 4132 1208 4189 16111.
1228 4134 1267 4189 IV
1284 4134 1337 4187 430

364 4339 396 4390 15
413 4338 499 4391 eidem
517 4341 545 4392 A
647 4337 680 4391 16
697 4338 770 4390 euim
787 4338 815 4391 A
917 4340 951 4392 22
970 4340 1069 4393 &ordia
1086 4343 1113 4392 A
