3106 5250
322 447 387 513 270
820 445 957 504 sedulii

323 638 357 705 in
380 638 482 703 lucem
504 636 570 703 sine
592 637 661 703 luce
683 639 835 722 peruenit.
870 639 946 702 tunc
968 636 1099 703 humani
1122 641 1208 704 sator
1230 639 1285 704 ille
1307 641 1456 724 principii

322 741 492 823 mundique
527 741 670 806 conditor
698 741 791 823 atque
819 740 974 823 perfector
1002 741 1101 824 operis
1128 743 1177 807 sui
1212 743 1361 809 fabricam
1392 763 1456 808 uon

322 862 432 927 passus
460 862 584 909 manere
618 842 721 908 minus
749 842 914 926 impletam
944 844 1099 927 speculari
1127 845 1289 911 deficiente
1311 850 1456 926 materie,

321 947 436 1032 lutum,
477 947 618 1012 naturale
661 947 783 1012 scilicet
826 948 1081 1027 instrumentum,
1120 967 1271 1030 genarum
1309 949 1456 1015 claustris

322 1050 470 1115 inliniens
500 1051 581 1132 quod
611 1049 645 1114 in
674 1049 801 1115 homine
831 1051 936 1115 miuus
965 1068 1031 1115 esse
1060 1056 1267 1138 conspexerat,
1296 1052 1333 1117 de
1357 1055 1495 1119 ueteris

321 1155 421 1221 bonus
444 1153 546 1236 opifex
569 1155 729 1219 caemento
752 1154 924 1237 suppleuit.
962 1172 1020 1218 nec
1035 1155 1119 1236 prius
1136 1157 1241 1220 tamen
1264 1156 1320 1220 ille
1344 1175 1455 1241 sump-

322 1256 364 1322 sit
397 1259 569 1339 aspectum,
609 1276 704 1340 quam
740 1257 869 1323 Domini
906 1258 1083 1340 praeceptis
1120 1261 1310 1323 ammonitus
1349 1258 1455 1324 Silone

322 1356 481 1425 salubrem
508 1361 645 1425 uenisset
676 1364 713 1426 ad
743 1361 871 1425 laticem
895 1366 928 1425 et
958 1363 1046 1424 tutus
1069 1363 1293 1444 consanguinei
1316 1362 1455 1428 medica-

322 1470 427 1533 mento
457 1466 522 1528 iam
551 1465 620 1528 limi
651 1464 734 1529 unda
769 1465 873 1530 oculos
907 1464 1058 1530 abluisset
1090 1464 1202 1529 infusa.
1242 1483 1313 1529 mor
1347 1464 1455 1546 itaque

323 1568 407 1635 sanis
445 1588 481 1633 ex
517 1567 659 1632 uultibus
693 1568 773 1633 acies
807 1567 959 1652 gemellae
992 1567 1146 1632 fulserunt
1180 1568 1307 1632 tandem
1341 1568 1454 1650 dignae
1466 1596 1493 1635 ro

323 1672 499 1754 conspicere
536 1689 629 1753 quem
664 1688 790 1753 prorsus
828 1671 974 1753 ignotum
1008 1671 1142 1735 habuere
1176 1671 1324 1752 primitus
1359 1669 1452 1735 diem.

323 1793 429 1839 omues
452 1775 549 1857 igitur
572 1773 759 1858 spiritaliter
781 1774 857 1839 haec
879 1774 1019 1856 legentes
1045 1775 1167 1855 oportet
1184 1774 1353 1853 aduertere,
1378 1774 1454 1855 quid

322 1879 458 1961 mystica
486 1876 617 1943 doceant
644 1876 737 1941 huius
766 1876 841 1942 facti
872 1877 1031 1942 miracula.
1071 1896 1160 1943 caeca
1193 1896 1302 1942 sumus
1336 1877 1455 1941 etenim

322 1980 425 2062 proles
454 1980 571 2045 fetibus
599 1981 684 2045 Euae
712 1980 807 2045 creati
830 1981 1031 2057 miserrimae,
1055 2001 1109 2063 per
1131 1980 1276 2045 tenebras
1299 1981 1455 2064 genuinae

323 2082 464 2168 caliginis
500 2082 602 2167 longis
640 2083 797 2149 erroribus
833 2084 1022 2149 incedentes.
1068 2084 1124 2148 sed
1163 2084 1329 2166 postquam
1369 2085 1495 2149 Deusre

321 2186 435 2253 habere
463 2185 611 2269 dignatus
641 2190 689 2252 est
717 2187 872 2252 humanae
894 2185 994 2251 caruis
1017 2185 1162 2269 effigiem,
1193 2187 1267 2251 data
1295 2189 1383 2251 nobis
1407 2187 1456 2250 est

321 2291 405 2355 terra
427 2290 575 2356 salutaris
598 2309 634 2356 ex
655 2290 788 2374 uirgine,
817 2309 896 2373 quae
912 2290 1050 2356 fontibus
1065 2291 1143 2354 sacri
1160 2291 1225 2356 lota
1239 2290 1455 2374 baptismatis,

321 2394 511 2460 renascentis
533 2395 657 2477 aperuit
678 2396 799 2460 lumina
825 2395 987 2459 claritatis.

271 2532 310 2596 21
364 2515 552 2580 Bethaniam
581 2517 691 2583 deinde
721 2516 876 2582 sollicitus
901 2514 1076 2581 salutiferis
1101 2516 1260 2598 gressibus
1283 2514 1456 2580 clementer

322 2620 501 2704 aduenerat,
538 2620 595 2685 ubi
631 2622 767 2686 Lazarus
800 2621 937 2686 humana
975 2617 1068 2684 finem
1107 2618 1285 2683 condicione
1323 2616 1496 2684 sortitusao

323 2722 511 2805 sepulchrali
534 2724 592 2788 sub
615 2723 718 2806 lapide
736 2726 864 2806 quartae
886 2722 1009 2795 iacebat
1023 2721 1102 2787 lucis
1126 2739 1218 2787 cursu
1240 2721 1305 2786 iam
1328 2720 1455 2785 fetidus.

375 3013 388 3066 1
417 3011 509 3066 unuani
534 3012 563 3066 P
662 3011 777 3080 principi
803 3012 831 3067 B
934 3012 1042 3083 hoperi
1065 3011 1099 3076 P,
1131 3011 1197 3065 ceri
1220 3011 1262 3078 H,
1292 3009 1346 3063 oris
1369 3025 1385 3063 o

321 3098 446 3185 epassu¹
462 3116 490 3169 P
591 3114 726 3169 matheria
743 3115 772 3170 P
870 3116 1063 3182 lluctnmP,
1094 3114 1181 3169 latum
1200 3114 1235 3168 Η
1334 3113 1456 3167 bbonus

322 3206 458 3288 &opifex
475 3234 582 3288 gemens
605 3218 634 3273 P
734 3218 871 3288 subpleuit
893 3219 953 3273 PH
1053 3218 1068 3272 7
1092 3216 1254 3271 ammonitus
1272 3215 1369 3282 PRB,
1400 3231 1457 3268 am-

321 3322 440 3378 monitus
452 3323 488 3377 H
564 3322 677 3377 8tllltus
689 3322 728 3389 H,
746 3321 820 3376 fotus
833 3322 902 3376 coci.
918 3321 1000 3388 Gau,
1017 3322 1092 3376 intus
1104 3323 1169 3389 fort.
1252 3319 1456 3387 cumsanguiuei

321 3419 350 3473 P
449 3416 645 3471 medicamenta
667 3416 695 3471 P
795 3416 951 3471 9abluisse
973 3418 1006 3484 P,
1035 3415 1181 3469 llilllluisset
1203 3414 1248 3483 H,
1277 3413 1416 3468 habuisset
1439 3430 1457 3468 c

323 3511 445 3580 (lenisset
462 3511 557 3580 Areo.)
654 3511 688 3565 10
705 3511 787 3580 digno
804 3512 871 3578 PB,
902 3509 977 3580 digni
995 3511 1030 3565 Η
1122 3510 1155 3563 11
1173 3511 1301 3579 primitus
1319 3510 1370 3563 sl.
1388 3511 1457 3562 Μ

321 3632 351 3689 R
446 3632 479 3686 12
497 3632 591 3688 Omnis
609 3648 673 3702 ergo
690 3634 719 3688 P
810 3633 874 3688 hacc
892 3633 1103 3702 spiritualitate
1193 3596 1314 3685 ahertere
1333 3630 1360 3698 (d
1378 3632 1457 3694 om)

322 3754 363 3823 Β,
392 3718 513 3809 abersee
530 3754 558 3807 n
645 3755 677 3808 13
695 3754 809 3808 colorentur
827 3755 866 3822 H,
894 3754 1041 3809 eumenem
1061 3753 1096 3818 n,
1124 3753 1230 3807 enims
1317 3751 1351 3805 14
1368 3750 1457 3818 florse-

322 3857 371 3911 bns
390 3862 415 3939 (e
432 3873 501 3912 corr.
519 3874 554 3911 ae.
572 3859 603 3925 2)
625 3857 657 3911 Η
758 3873 840 3912 aenae
865 3857 966 3924 ΕΗΒ,
997 3873 1043 3912 oue
1069 3857 1098 3911 P
1200 3856 1232 3909 16
1256 3853 1392 3908 humanllll
1415 3854 1456 3918 Η,

321 3944 475 3999 humani]
575 3944 608 3998 17
627 3944 690 4012 quia
708 3945 736 3998 P
835 3945 916 3999 sacris
934 3946 962 3999 P
1061 3944 1153 3997 leuata
1170 3942 1220 3997 Bo
1324 3942 1358 3994 18
1380 3956 1455 3993 rena-

322 4046 457 4102 scentibus
475 4047 509 4101 H
519 4031 599 4116 (u‘slo
701 4047 735 4101 19
751 4063 789 4101 nn
806 4060 914 4101 nunno
932 4047 1005 4112 RH,
1038 4047 1174 4099 mortuum
1192 4043 1322 4097 Lanarum
1340 4041 1457 4094 suscitat

320 4149 336 4187 o
422 4133 627 4188 sollllilllislllllllli
640 4133 709 4199 (fait
721 4133 854 4187 sollicitus
866 4174 871 4186 .
883 4133 1029 4200 .luciferis)
1042 4132 1075 4186 Η
1163 4130 1252 4183 solitis
1265 4144 1298 4182 ecc
1311 4127 1406 4181 solitus
1421 4127 1458 4201 B,

321 4220 409 4275 solitis
426 4239 443 4276 o
461 4222 523 4289 (soli
541 4222 607 4276 litua
626 4221 705 4286 Pur.)
810 4219 844 4272 20
862 4219 935 4273 ibic
1030 4219 1150 4272 humana
1168 4216 1195 4270 B
1288 4214 1340 4267 fine
1358 4214 1386 4268 P

321 4307 353 4361 21
373 4308 513 4376 sepulcrali
531 4308 581 4363 Bo
669 4304 893 4375 quartslllllacebat
909 4306 944 4359 H
1022 4305 1119 4374 quarta
1137 4303 1166 4369 1,
1194 4303 1305 4372 quartae
1323 4299 1387 4356 Iar.

322 4394 438 4450 foetidus
456 4394 483 4448 B
