<?xml version="1.0" encoding="UTF-8"?>
<!DOCTYPE html PUBLIC "-//W3C//DTD XHTML 1.0 Transitional//EN"
    "http://www.w3.org/TR/xhtml1/DTD/xhtml1-transitional.dtd">
<html xmlns="http://www.w3.org/1999/xhtml" xml:lang="en" lang="en">
 <head>
  <title>
</title>
<meta http-equiv="Content-Type" content="text/html;charset=utf-8" />
  <meta name='ocr-system' content='tesseract 3.04.00' />
  <meta name='ocr-capabilities' content='ocr_page ocr_carea ocr_par ocr_line ocrx_word'/>
</head>
<body>
  <div class='ocr_page' id='page_1' title='image "./sedvliioperaomn00remigoog_0396.png"; bbox 0 0 3106 5250; ppageno 0'>
   <div class='ocr_carea' id='block_1_1' title="bbox 523 469 1263 543">
    <p class='ocr_par' dir='ltr' id='par_1_1' title="bbox 523 469 1263 543">
     <span class='ocr_line' id='line_1_1' title="bbox 523 469 1263 543; baseline 0 -19"><span class='ocrx_word' id='word_1_1' title='bbox 523 469 672 537; x_wconf 80' lang='lat' dir='ltr'>Remigii</span> <span class='ocrx_word' id='word_1_2' title='bbox 696 471 874 538; x_wconf 77' lang='lat' dir='ltr'>expositio.</span> <span class='ocrx_word' id='word_1_3' title='bbox 1201 477 1263 543; x_wconf 73' lang='lat'>337</span> 
     </span>
    </p>
   </div>
   <div class='ocr_carea' id='block_1_2' title="bbox 89 666 1263 3833">
    <p class='ocr_par' dir='ltr' id='par_1_2' title="bbox 89 666 1263 3833">
     <span class='ocr_line' id='line_1_2' title="bbox 133 666 1263 740; baseline 0.004 -17"><span class='ocrx_word' id='word_1_4' title='bbox 133 666 251 739; x_wconf 87' lang='lat' dir='ltr'>propter</span> <span class='ocrx_word' id='word_1_5' title='bbox 273 667 418 724; x_wconf 77' lang='lat' dir='ltr'>aeternam</span> <span class='ocrx_word' id='word_1_6' title='bbox 434 666 651 725; x_wconf 88' lang='lat' dir='ltr'>retributionem</span> <span class='ocrx_word' id='word_1_7' title='bbox 667 666 795 740; x_wconf 90' lang='lat' dir='ltr'>ponitur,</span> <span class='ocrx_word' id='word_1_8' title='bbox 812 666 880 737; x_wconf 90' lang='lat' dir='ltr'>quia</span> <span class='ocrx_word' id='word_1_9' title='bbox 895 667 971 726; x_wconf 89' lang='lat' dir='ltr'>sieut</span> <span class='ocrx_word' id='word_1_10' title='bbox 985 684 1088 727; x_wconf 84' lang='lat' dir='ltr'>corona</span> <span class='ocrx_word' id='word_1_11' title='bbox 1103 685 1159 728; x_wconf 91' lang='lat' dir='ltr'>non</span> <span class='ocrx_word' id='word_1_12' title='bbox 1175 670 1263 730; x_wconf 89' lang='lat' dir='ltr'>habet</span> 
     </span>
     <span class='ocr_line' id='line_1_3' title="bbox 133 767 1261 843; baseline 0.005 -16"><span class='ocrx_word' id='word_1_13' title='bbox 133 767 247 827; x_wconf 90' lang='lat' dir='ltr'>initium</span> <span class='ocrx_word' id='word_1_14' title='bbox 281 785 372 841; x_wconf 89' lang='lat' dir='ltr'>neque</span> <span class='ocrx_word' id='word_1_15' title='bbox 401 768 495 843; x_wconf 88' lang='lat' dir='ltr'>finem,</span> <span class='ocrx_word' id='word_1_16' title='bbox 525 770 568 827; x_wconf 89' lang='lat' dir='ltr'>ita</span> <span class='ocrx_word' id='word_1_17' title='bbox 596 769 670 827; x_wconf 89' lang='lat' dir='ltr'>illud</span> <span class='ocrx_word' id='word_1_18' title='bbox 698 769 854 841; x_wconf 90' lang='lat' dir='ltr'>praemium</span> <span class='ocrx_word' id='word_1_19' title='bbox 884 770 967 829; x_wconf 90' lang='lat' dir='ltr'>initio</span> <span class='ocrx_word' id='word_1_20' title='bbox 997 774 1027 829; x_wconf 91' lang='lat' dir='ltr'>et</span> <span class='ocrx_word' id='word_1_21' title='bbox 1053 771 1109 829; x_wconf 91' lang='lat' dir='ltr'>fine</span> <span class='ocrx_word' id='word_1_22' title='bbox 1143 773 1261 835; x_wconf 78' lang='lat' dir='ltr'>carebit.</span> 
     </span>
     <span class='ocr_line' id='line_1_4' title="bbox 133 871 1262 947; baseline 0.004 -18"><span class='ocrx_word' id='word_1_23' title='bbox 133 871 336 943; x_wconf 85' lang='lat' dir='ltr'>Nusquam,</span> <span class='ocrx_word' id='word_1_24' title='bbox 361 871 390 928; x_wconf 93' lang='lat' dir='ltr'>in</span> <span class='ocrx_word' id='word_1_25' title='bbox 413 873 490 931; x_wconf 92' lang='lat' dir='ltr'>nullo</span> <span class='ocrx_word' id='word_1_26' title='bbox 513 872 586 944; x_wconf 88' lang='lat' dir='ltr'>loeo,</span> <span class='ocrx_word' id='word_1_27' title='bbox 610 888 730 945; x_wconf 83' lang='lat' dir='ltr'>usquam</span> <span class='ocrx_word' id='word_1_28' title='bbox 753 874 913 931; x_wconf 80' lang='lat' dir='ltr'>econtrario</span> <span class='ocrx_word' id='word_1_29' title='bbox 936 874 966 930; x_wconf 89' lang='lat' dir='ltr'>in</span> <span class='ocrx_word' id='word_1_30' title='bbox 982 873 1077 946; x_wconf 87' lang='lat' dir='ltr'>aliquo</span> <span class='ocrx_word' id='word_1_31' title='bbox 1093 875 1164 947; x_wconf 85' lang='lat' dir='ltr'>loeo,</span> <span class='ocrx_word' id='word_1_32' title='bbox 1188 875 1262 934; x_wconf 87' lang='lat' dir='ltr'>sieut</span> 
     </span>
     <span class='ocr_line' id='line_1_5' title="bbox 133 973 1263 1050; baseline 0.005 -19"><span class='ocrx_word' id='word_1_33' title='bbox 133 990 280 1045; x_wconf 89' lang='lat' dir='ltr'>nunquam</span> <span class='ocrx_word' id='word_1_34' title='bbox 304 974 336 1031; x_wconf 92' lang='lat' dir='ltr'>in</span> <span class='ocrx_word' id='word_1_35' title='bbox 352 973 432 1033; x_wconf 93' lang='lat' dir='ltr'>nullo</span> <span class='ocrx_word' id='word_1_36' title='bbox 447 977 585 1049; x_wconf 86' lang='lat' dir='ltr'>tempore,</span> <span class='ocrx_word' id='word_1_37' title='bbox 603 992 728 1049; x_wconf 87' lang='lat' dir='ltr'>unquam</span> <span class='ocrx_word' id='word_1_38' title='bbox 750 974 780 1032; x_wconf 91' lang='lat' dir='ltr'>in</span> <span class='ocrx_word' id='word_1_39' title='bbox 797 977 903 1048; x_wconf 91' lang='lat' dir='ltr'>aliquo.</span> <span class='ocrx_word' id='word_1_40' title='bbox 937 976 1057 1049; x_wconf 90' lang='lat' dir='ltr'>thue</span> <span class='ocrx_word' id='word_1_41' title='bbox 1073 979 1166 1050; x_wconf 86' lang='lat' dir='ltr'>polo.</span> <span class='ocrx_word' id='word_1_42' title='bbox 1207 979 1263 1039; x_wconf 89' lang='lat' dir='ltr'>Per</span> 
     </span>
     <span class='ocr_line' id='line_1_6' title="bbox 111 1076 1261 1152; baseline 0.009 -21"><span class='ocrx_word' id='word_1_43' title='bbox 111 1076 229 1149; x_wconf 81' lang='lat' dir='ltr'>spolum</span> <span class='ocrx_word' id='word_1_44' title='bbox 253 1077 377 1135; x_wconf 91' lang='lat' dir='ltr'>animam</span> <span class='ocrx_word' id='word_1_45' title='bbox 399 1077 546 1152; x_wconf 76' lang='lat' dir='ltr'>intellege,</span> <span class='ocrx_word' id='word_1_46' title='bbox 570 1095 622 1151; x_wconf 87' lang='lat' dir='ltr'>per</span> <span class='ocrx_word' id='word_1_47' title='bbox 644 1078 761 1137; x_wconf 92' lang='lat' dir='ltr'>humum</span> <span class='ocrx_word' id='word_1_48' title='bbox 785 1095 887 1151; x_wconf 85' lang='lat' dir='ltr'>eorpus</span> <span class='ocrx_word' id='word_1_49' title='bbox 914 1079 1077 1139; x_wconf 90' lang='lat' dir='ltr'>humanum.</span> <span class='ocrx_word' id='word_1_50' title='bbox 1122 1080 1261 1151; x_wconf 89' lang='lat' dir='ltr'>Ydrns,</span> 
     </span>
     <span class='ocr_line' id='line_1_7' title="bbox 132 1180 1262 1257; baseline 0.004 -19"><span class='ocrx_word' id='word_1_51' title='bbox 132 1180 221 1254; x_wconf 84' lang='lat' dir='ltr'>ydros</span> <span class='ocrx_word' id='word_1_52' title='bbox 249 1182 294 1238; x_wconf 89' lang='lat' dir='ltr'>est</span> <span class='ocrx_word' id='word_1_53' title='bbox 320 1198 438 1254; x_wconf 87' lang='lat' dir='ltr'>serpens</span> <span class='ocrx_word' id='word_1_54' title='bbox 468 1182 627 1254; x_wconf 84' lang='lat' dir='ltr'>aquatione.</span> <span class='ocrx_word' id='word_1_55' title='bbox 671 1181 851 1240; x_wconf 84' lang='lat' dir='ltr'>Vendioet</span> <span class='ocrx_word' id='word_1_56' title='bbox 880 1184 907 1240; x_wconf 89' lang='lat' dir='ltr'>·i·</span> <span class='ocrx_word' id='word_1_57' title='bbox 936 1186 1056 1255; x_wconf 88' lang='lat' dir='ltr'>usurpet</span> <span class='ocrx_word' id='word_1_58' title='bbox 1078 1186 1107 1241; x_wconf 90' lang='lat' dir='ltr'>et</span> <span class='ocrx_word' id='word_1_59' title='bbox 1133 1184 1262 1257; x_wconf 91' lang='lat' dir='ltr'>proprie·</span> 
     </span>
     <span class='ocr_line' id='line_1_8' title="bbox 134 1282 1260 1363; baseline 0.005 -23"><span class='ocrx_word' id='word_1_60' title='bbox 134 1282 231 1343; x_wconf 79' lang='lat' dir='ltr'>faeiat.</span> <span class='ocrx_word' id='word_1_61' title='bbox 275 1285 391 1342; x_wconf 81' lang='lat' dir='ltr'>Artus</span> <span class='ocrx_word' id='word_1_62' title='bbox 413 1284 441 1340; x_wconf 84' lang='lat' dir='ltr'>·i·</span> <span class='ocrx_word' id='word_1_63' title='bbox 463 1284 599 1355; x_wconf 88' lang='lat' dir='ltr'>membra,</span> <span class='ocrx_word' id='word_1_64' title='bbox 622 1287 703 1343; x_wconf 86' lang='lat' dir='ltr'>artus</span> <span class='ocrx_word' id='word_1_65' title='bbox 723 1285 829 1342; x_wconf 88' lang='lat' dir='ltr'>dieitur</span> <span class='ocrx_word' id='word_1_66' title='bbox 845 1285 881 1342; x_wconf 87' lang='lat' dir='ltr'>ab</span> <span class='ocrx_word' id='word_1_67' title='bbox 898 1287 1022 1345; x_wconf 84' lang='lat' dir='ltr'>artando</span> <span class='ocrx_word' id='word_1_68' title='bbox 1038 1286 1064 1343; x_wconf 86' lang='lat' dir='ltr'>·i·</span> <span class='ocrx_word' id='word_1_69' title='bbox 1081 1287 1260 1363; x_wconf 90' lang='lat' dir='ltr'>stringendo,</span> 
     </span>
     <span class='ocr_line' id='line_1_9' title="bbox 133 1386 1260 1463; baseline 0.003 -17"><span class='ocrx_word' id='word_1_70' title='bbox 133 1403 167 1446; x_wconf 92' lang='lat' dir='ltr'>eo</span> <span class='ocrx_word' id='word_1_71' title='bbox 190 1388 263 1459; x_wconf 88' lang='lat' dir='ltr'>qnod</span> <span class='ocrx_word' id='word_1_72' title='bbox 287 1386 406 1457; x_wconf 87' lang='lat' dir='ltr'>stringit</span> <span class='ocrx_word' id='word_1_73' title='bbox 429 1404 542 1461; x_wconf 87' lang='lat' dir='ltr'>eorpus.</span> <span class='ocrx_word' id='word_1_74' title='bbox 588 1388 717 1447; x_wconf 89' lang='lat' dir='ltr'>Panem</span> <span class='ocrx_word' id='word_1_75' title='bbox 740 1390 912 1447; x_wconf 90' lang='lat' dir='ltr'>nostrum.</span> <span class='ocrx_word' id='word_1_76' title='bbox 950 1388 1015 1448; x_wconf 86' lang='lat' dir='ltr'>Non</span> <span class='ocrx_word' id='word_1_77' title='bbox 1032 1390 1087 1447; x_wconf 86' lang='lat' dir='ltr'>iste</span> <span class='ocrx_word' id='word_1_78' title='bbox 1103 1390 1195 1463; x_wconf 89' lang='lat' dir='ltr'>panis,</span> <span class='ocrx_word' id='word_1_79' title='bbox 1212 1392 1260 1449; x_wconf 87' lang='lat' dir='ltr'>sed</span> 
     </span>
     <span class='ocr_line' id='line_1_10' title="bbox 132 1490 1259 1567; baseline 0.002 -18"><span class='ocrx_word' id='word_1_80' title='bbox 132 1490 277 1563; x_wconf 88' lang='lat' dir='ltr'>spiritalis</span> <span class='ocrx_word' id='word_1_81' title='bbox 301 1490 490 1563; x_wconf 84' lang='lat' dir='ltr'>intellegitur,</span> <span class='ocrx_word' id='word_1_82' title='bbox 517 1491 566 1563; x_wconf 88' lang='lat' dir='ltr'>qni</span> <span class='ocrx_word' id='word_1_83' title='bbox 589 1494 634 1549; x_wconf 88' lang='lat' dir='ltr'>est</span> <span class='ocrx_word' id='word_1_84' title='bbox 651 1490 743 1548; x_wconf 81' lang='lat' dir='ltr'>Filius</span> <span class='ocrx_word' id='word_1_85' title='bbox 767 1490 823 1561; x_wconf 90' lang='lat' dir='ltr'>dei,</span> <span class='ocrx_word' id='word_1_86' title='bbox 847 1494 894 1563; x_wconf 88' lang='lat' dir='ltr'>qni</span> <span class='ocrx_word' id='word_1_87' title='bbox 918 1492 1121 1551; x_wconf 85' lang='lat' dir='ltr'>substantialis</span> <span class='ocrx_word' id='word_1_88' title='bbox 1145 1492 1259 1567; x_wconf 87' lang='lat' dir='ltr'>dieitur,</span> 
     </span>
     <span class='ocr_line' id='line_1_11' title="bbox 96 1594 1261 1668; baseline 0.003 -17"><span class='ocrx_word' id='word_1_89' title='bbox 96 1594 202 1667; x_wconf 82' lang='lat' dir='ltr'>requie</span> <span class='ocrx_word' id='word_1_90' title='bbox 234 1610 344 1652; x_wconf 91' lang='lat' dir='ltr'>omnem</span> <span class='ocrx_word' id='word_1_91' title='bbox 378 1597 570 1653; x_wconf 88' lang='lat' dir='ltr'>substantiam</span> <span class='ocrx_word' id='word_1_92' title='bbox 605 1595 651 1653; x_wconf 91' lang='lat' dir='ltr'>nel</span> <span class='ocrx_word' id='word_1_93' title='bbox 686 1597 840 1655; x_wconf 87' lang='lat' dir='ltr'>essentiam</span> <span class='ocrx_word' id='word_1_94' title='bbox 875 1596 1102 1668; x_wconf 85' lang='lat' dir='ltr'>supergraditur,</span> <span class='ocrx_word' id='word_1_95' title='bbox 1132 1598 1162 1653; x_wconf 91' lang='lat' dir='ltr'>et</span> <span class='ocrx_word' id='word_1_96' title='bbox 1191 1595 1261 1655; x_wconf 88' lang='lat' dir='ltr'>lieet</span> 
     </span>
     <span class='ocr_line' id='line_1_12' title="bbox 131 1696 1260 1771; baseline 0.003 -17"><span class='ocrx_word' id='word_1_97' title='bbox 131 1696 276 1756; x_wconf 78' lang='lat' dir='ltr'>dialectici</span> <span class='ocrx_word' id='word_1_98' title='bbox 311 1698 339 1755; x_wconf 92' lang='lat' dir='ltr'>in</span> <span class='ocrx_word' id='word_1_99' title='bbox 373 1698 456 1756; x_wconf 88' lang='lat' dir='ltr'>deum</span> <span class='ocrx_word' id='word_1_100' title='bbox 480 1696 655 1771; x_wconf 78' lang='lat' dir='ltr'>categoriam</span> <span class='ocrx_word' id='word_1_101' title='bbox 678 1714 750 1770; x_wconf 89' lang='lat' dir='ltr'>quae</span> <span class='ocrx_word' id='word_1_102' title='bbox 774 1702 819 1756; x_wconf 90' lang='lat' dir='ltr'>est</span> <span class='ocrx_word' id='word_1_103' title='bbox 841 1699 907 1758; x_wconf 89' lang='lat' dir='ltr'>usia</span> <span class='ocrx_word' id='word_1_104' title='bbox 929 1699 1032 1757; x_wconf 88' lang='lat' dir='ltr'>eadere</span> <span class='ocrx_word' id='word_1_105' title='bbox 1054 1698 1162 1770; x_wconf 82' lang='lat' dir='ltr'>disant,</span> <span class='ocrx_word' id='word_1_106' title='bbox 1190 1700 1260 1759; x_wconf 91' lang='lat' dir='ltr'>deus</span> 
     </span>
     <span class='ocr_line' id='line_1_13' title="bbox 130 1800 1260 1874; baseline 0.004 -17"><span class='ocrx_word' id='word_1_107' title='bbox 130 1801 224 1858; x_wconf 86' lang='lat' dir='ltr'>tamen</span> <span class='ocrx_word' id='word_1_108' title='bbox 249 1800 326 1858; x_wconf 91' lang='lat' dir='ltr'>ultra</span> <span class='ocrx_word' id='word_1_109' title='bbox 348 1801 439 1860; x_wconf 91' lang='lat' dir='ltr'>usiam</span> <span class='ocrx_word' id='word_1_110' title='bbox 461 1803 516 1873; x_wconf 91' lang='lat' dir='ltr'>est,</span> <span class='ocrx_word' id='word_1_111' title='bbox 541 1804 570 1858; x_wconf 89' lang='lat' dir='ltr'>et</span> <span class='ocrx_word' id='word_1_112' title='bbox 593 1801 655 1860; x_wconf 88' lang='lat' dir='ltr'>ideo</span> <span class='ocrx_word' id='word_1_113' title='bbox 680 1803 834 1860; x_wconf 89' lang='lat' dir='ltr'>seeundum</span> <span class='ocrx_word' id='word_1_114' title='bbox 856 1803 1010 1860; x_wconf 91' lang='lat' dir='ltr'>humanam</span> <span class='ocrx_word' id='word_1_115' title='bbox 1033 1802 1260 1874; x_wconf 85' lang='lat' dir='ltr'>intellegentiam</span> 
     </span>
     <span class='ocr_line' id='line_1_14' title="bbox 130 1900 1260 1981; baseline 0.002 -20"><span class='ocrx_word' id='word_1_116' title='bbox 130 1903 204 1961; x_wconf 88' lang='lat' dir='ltr'>nihil</span> <span class='ocrx_word' id='word_1_117' title='bbox 228 1906 283 1981; x_wconf 90' lang='lat' dir='ltr'>est,</span> <span class='ocrx_word' id='word_1_118' title='bbox 308 1904 375 1976; x_wconf 88' lang='lat' dir='ltr'>qnia</span> <span class='ocrx_word' id='word_1_119' title='bbox 396 1921 506 1963; x_wconf 88' lang='lat' dir='ltr'>omnem</span> <span class='ocrx_word' id='word_1_120' title='bbox 530 1908 666 1977; x_wconf 87' lang='lat' dir='ltr'>exuperat</span> <span class='ocrx_word' id='word_1_121' title='bbox 689 1904 876 1976; x_wconf 82' lang='lat' dir='ltr'>intellectum,</span> <span class='ocrx_word' id='word_1_122' title='bbox 906 1905 1001 1962; x_wconf 86' lang='lat' dir='ltr'>nteit</span> <span class='ocrx_word' id='word_1_123' title='bbox 1024 1905 1171 1977; x_wconf 88' lang='lat' dir='ltr'>apostolus</span> <span class='ocrx_word' id='word_1_124' title='bbox 1196 1900 1260 1978; x_wconf 82' lang='lat' dir='ltr'>‘pax</span> 
     </span>
     <span class='ocr_line' id='line_1_15' title="bbox 129 2002 1260 2080; baseline 0.003 -18"><span class='ocrx_word' id='word_1_125' title='bbox 129 2005 186 2076; x_wconf 91' lang='lat' dir='ltr'>dei,</span> <span class='ocrx_word' id='word_1_126' title='bbox 210 2022 282 2079; x_wconf 86' lang='lat' dir='ltr'>quae</span> <span class='ocrx_word' id='word_1_127' title='bbox 305 2011 439 2077; x_wconf 85' lang='lat' dir='ltr'>exuperat</span> <span class='ocrx_word' id='word_1_128' title='bbox 462 2024 572 2065; x_wconf 90' lang='lat' dir='ltr'>omnem</span> <span class='ocrx_word' id='word_1_129' title='bbox 596 2002 732 2065; x_wconf 87' lang='lat' dir='ltr'>sensum&#39;.</span> <span class='ocrx_word' id='word_1_130' title='bbox 768 2010 953 2066; x_wconf 88' lang='lat' dir='ltr'>Annonam</span> <span class='ocrx_word' id='word_1_131' title='bbox 972 2008 998 2064; x_wconf 87' lang='lat' dir='ltr'>·i·</span> <span class='ocrx_word' id='word_1_132' title='bbox 1015 2008 1159 2080; x_wconf 90' lang='lat' dir='ltr'>salarium,</span> <span class='ocrx_word' id='word_1_133' title='bbox 1183 2007 1260 2066; x_wconf 88' lang='lat' dir='ltr'>idem</span> 
     </span>
     <span class='ocr_line' id='line_1_16' title="bbox 94 2108 1258 2183; baseline 0.002 -16"><span class='ocrx_word' id='word_1_134' title='bbox 94 2129 121 2168; x_wconf 87' lang='lat' dir='ltr'>1s</span> <span class='ocrx_word' id='word_1_135' title='bbox 130 2110 175 2167; x_wconf 91' lang='lat' dir='ltr'>est</span> <span class='ocrx_word' id='word_1_136' title='bbox 203 2112 233 2166; x_wconf 86' lang='lat' dir='ltr'>et</span> <span class='ocrx_word' id='word_1_137' title='bbox 265 2110 437 2181; x_wconf 88' lang='lat' dir='ltr'>praebenda.</span> <span class='ocrx_word' id='word_1_138' title='bbox 482 2111 608 2167; x_wconf 86' lang='lat' dir='ltr'>Annona</span> <span class='ocrx_word' id='word_1_139' title='bbox 630 2109 736 2169; x_wconf 87' lang='lat' dir='ltr'>dieitur</span> <span class='ocrx_word' id='word_1_140' title='bbox 758 2125 792 2168; x_wconf 92' lang='lat' dir='ltr'>eo</span> <span class='ocrx_word' id='word_1_141' title='bbox 827 2112 901 2181; x_wconf 87' lang='lat' dir='ltr'>qnod</span> <span class='ocrx_word' id='word_1_142' title='bbox 936 2108 1062 2183; x_wconf 84' lang='lat' dir='ltr'>singulis</span> <span class='ocrx_word' id='word_1_143' title='bbox 1095 2120 1258 2170; x_wconf 83' lang='lat' dir='ltr'>renouetur.</span> 
     </span>
     <span class='ocr_line' id='line_1_17' title="bbox 129 2210 1259 2287; baseline 0.004 -19"><span class='ocrx_word' id='word_1_144' title='bbox 129 2210 284 2283; x_wconf 88' lang='lat' dir='ltr'>Diurno,</span> <span class='ocrx_word' id='word_1_145' title='bbox 314 2228 331 2269; x_wconf 89' lang='lat' dir='ltr'>a</span> <span class='ocrx_word' id='word_1_146' title='bbox 359 2213 404 2270; x_wconf 90' lang='lat' dir='ltr'>die</span> <span class='ocrx_word' id='word_1_147' title='bbox 427 2212 545 2269; x_wconf 90' lang='lat' dir='ltr'>diurnus</span> <span class='ocrx_word' id='word_1_148' title='bbox 576 2212 602 2268; x_wconf 85' lang='lat' dir='ltr'>·i·</span> <span class='ocrx_word' id='word_1_149' title='bbox 626 2212 712 2273; x_wconf 87' lang='lat' dir='ltr'>unius</span> <span class='ocrx_word' id='word_1_150' title='bbox 741 2212 807 2283; x_wconf 89' lang='lat' dir='ltr'>diei,</span> <span class='ocrx_word' id='word_1_151' title='bbox 831 2230 849 2270; x_wconf 90' lang='lat' dir='ltr'>a</span> <span class='ocrx_word' id='word_1_152' title='bbox 871 2213 920 2271; x_wconf 91' lang='lat' dir='ltr'>din</span> <span class='ocrx_word' id='word_1_153' title='bbox 943 2214 1096 2272; x_wconf 86' lang='lat' dir='ltr'>diuturnus</span> <span class='ocrx_word' id='word_1_154' title='bbox 1120 2214 1147 2270; x_wconf 84' lang='lat' dir='ltr'>·i·</span> <span class='ocrx_word' id='word_1_155' title='bbox 1177 2214 1259 2287; x_wconf 82' lang='lat' dir='ltr'>longi</span> 
     </span>
     <span class='ocr_line' id='line_1_18' title="bbox 129 2313 1258 2389; baseline 0.004 -17"><span class='ocrx_word' id='word_1_156' title='bbox 129 2316 275 2388; x_wconf 87' lang='lat' dir='ltr'>temporis.</span> <span class='ocrx_word' id='word_1_157' title='bbox 327 2314 488 2386; x_wconf 79' lang='lat' dir='ltr'>Corpore</span> <span class='ocrx_word' id='word_1_158' title='bbox 523 2315 548 2370; x_wconf 88' lang='lat' dir='ltr'>-i·</span> <span class='ocrx_word' id='word_1_159' title='bbox 582 2313 633 2372; x_wconf 93' lang='lat' dir='ltr'>illo</span> <span class='ocrx_word' id='word_1_160' title='bbox 668 2314 794 2387; x_wconf 84' lang='lat' dir='ltr'>spiritali</span> <span class='ocrx_word' id='word_1_161' title='bbox 827 2316 974 2389; x_wconf 84' lang='lat' dir='ltr'>mysterio.</span> <span class='ocrx_word' id='word_1_162' title='bbox 1025 2316 1258 2389; x_wconf 88' lang='lat' dir='ltr'>Verbumque</span> 
     </span>
     <span class='ocr_line' id='line_1_19' title="bbox 129 2418 1257 2493; baseline 0 -16"><span class='ocrx_word' id='word_1_163' title='bbox 129 2420 325 2490; x_wconf 86' lang='lat' dir='ltr'>albusque:</span> <span class='ocrx_word' id='word_1_164' title='bbox 347 2418 478 2492; x_wconf 68' lang='lat' dir='ltr'>uernum,</span> <span class='ocrx_word' id='word_1_165' title='bbox 495 2418 564 2490; x_wconf 91' lang='lat' dir='ltr'>quia</span> <span class='ocrx_word' id='word_1_166' title='bbox 586 2418 656 2475; x_wconf 91' lang='lat' dir='ltr'>dens</span> <span class='ocrx_word' id='word_1_167' title='bbox 678 2420 723 2476; x_wconf 90' lang='lat' dir='ltr'>est</span> <span class='ocrx_word' id='word_1_168' title='bbox 743 2428 809 2476; x_wconf 86' lang='lat' dir='ltr'>ante</span> <span class='ocrx_word' id='word_1_169' title='bbox 826 2419 953 2493; x_wconf 82' lang='lat' dir='ltr'>saecula,</span> <span class='ocrx_word' id='word_1_170' title='bbox 970 2436 988 2478; x_wconf 88' lang='lat' dir='ltr'>a</span> <span class='ocrx_word' id='word_1_171' title='bbox 1003 2420 1055 2479; x_wconf 92' lang='lat' dir='ltr'>deo</span> <span class='ocrx_word' id='word_1_172' title='bbox 1071 2421 1155 2493; x_wconf 91' lang='lat' dir='ltr'>patre</span> <span class='ocrx_word' id='word_1_173' title='bbox 1171 2420 1257 2492; x_wconf 87' lang='lat' dir='ltr'>geni-</span> 
     </span>
     <span class='ocr_line' id='line_1_20' title="bbox 128 2522 1258 2595; baseline -0.001 -13"><span class='ocrx_word' id='word_1_174' title='bbox 128 2526 199 2593; x_wconf 90' lang='lat' dir='ltr'>tum,</span> <span class='ocrx_word' id='word_1_175' title='bbox 225 2522 314 2588; x_wconf 71' lang='lat' dir='ltr'>sibus</span> <span class='ocrx_word' id='word_1_176' title='bbox 338 2522 407 2594; x_wconf 90' lang='lat' dir='ltr'>quia</span> <span class='ocrx_word' id='word_1_177' title='bbox 428 2538 491 2579; x_wconf 88' lang='lat' dir='ltr'>eum</span> <span class='ocrx_word' id='word_1_178' title='bbox 515 2524 594 2580; x_wconf 88' lang='lat' dir='ltr'>esset</span> <span class='ocrx_word' id='word_1_179' title='bbox 623 2523 693 2581; x_wconf 87' lang='lat' dir='ltr'>dens</span> <span class='ocrx_word' id='word_1_180' title='bbox 717 2523 799 2581; x_wconf 89' lang='lat' dir='ltr'>homo</span> <span class='ocrx_word' id='word_1_181' title='bbox 823 2522 917 2582; x_wconf 86' lang='lat' dir='ltr'>faetus</span> <span class='ocrx_word' id='word_1_182' title='bbox 941 2526 997 2595; x_wconf 90' lang='lat' dir='ltr'>est,</span> <span class='ocrx_word' id='word_1_183' title='bbox 1028 2526 1060 2581; x_wconf 87' lang='lat' dir='ltr'>ut</span> <span class='ocrx_word' id='word_1_184' title='bbox 1084 2525 1162 2583; x_wconf 88' lang='lat' dir='ltr'>esset</span> <span class='ocrx_word' id='word_1_185' title='bbox 1177 2522 1258 2581; x_wconf 88' lang='lat' dir='ltr'>oibus</span> 
     </span>
     <span class='ocr_line' id='line_1_21' title="bbox 93 2623 1257 2698; baseline 0.001 -16"><span class='ocrx_word' id='word_1_186' title='bbox 93 2625 284 2695; x_wconf 85' lang='lat' dir='ltr'>aohominnm,</span> <span class='ocrx_word' id='word_1_187' title='bbox 320 2624 368 2698; x_wconf 87' lang='lat' dir='ltr'>qui</span> <span class='ocrx_word' id='word_1_188' title='bbox 401 2626 463 2684; x_wconf 89' lang='lat' dir='ltr'>erat</span> <span class='ocrx_word' id='word_1_189' title='bbox 497 2624 578 2682; x_wconf 89' lang='lat' dir='ltr'>eibus</span> <span class='ocrx_word' id='word_1_190' title='bbox 611 2623 789 2698; x_wconf 75' lang='lat' dir='ltr'>angelorum.</span> <span class='ocrx_word' id='word_1_191' title='bbox 834 2625 964 2684; x_wconf 79' lang='lat' dir='ltr'>Gentio</span> <span class='ocrx_word' id='word_1_192' title='bbox 998 2628 1024 2685; x_wconf 85' lang='lat' dir='ltr'>·i·</span> <span class='ocrx_word' id='word_1_193' title='bbox 1060 2624 1257 2697; x_wconf 81' lang='lat' dir='ltr'>confirmatio3</span> 
     </span>
     <span class='ocr_line' id='line_1_22' title="bbox 128 2711 1259 2801; baseline -0.003 -14"><span class='ocrx_word' id='word_1_194' title='bbox 128 2745 208 2799; x_wconf 89' lang='lat' dir='ltr'>eano,</span> <span class='ocrx_word' id='word_1_195' title='bbox 243 2727 323 2785; x_wconf 87' lang='lat' dir='ltr'>oanis</span> <span class='ocrx_word' id='word_1_196' title='bbox 355 2728 381 2785; x_wconf 84' lang='lat' dir='ltr'>·i·</span> <span class='ocrx_word' id='word_1_197' title='bbox 410 2727 500 2801; x_wconf 90' lang='lat' dir='ltr'>firmo,</span> <span class='ocrx_word' id='word_1_198' title='bbox 525 2727 597 2785; x_wconf 85' lang='lat' dir='ltr'>feeit</span> <span class='ocrx_word' id='word_1_199' title='bbox 625 2728 812 2801; x_wconf 83' lang='lat' dir='ltr'>praeteritum</span> <span class='ocrx_word' id='word_1_200' title='bbox 841 2728 915 2798; x_wconf 89' lang='lat' dir='ltr'>eani,</span> <span class='ocrx_word' id='word_1_201' title='bbox 939 2711 1007 2787; x_wconf 74' lang='lat' dir='ltr'>in&#39;de</span> <span class='ocrx_word' id='word_1_202' title='bbox 1035 2730 1129 2787; x_wconf 80' lang='lat' dir='ltr'>cautio</span> <span class='ocrx_word' id='word_1_203' title='bbox 1153 2728 1259 2786; x_wconf 84' lang='lat' dir='ltr'>dieitur</span> 
     </span>
     <span class='ocr_line' id='line_1_23' title="bbox 126 2828 1255 2905; baseline 0 -15"><span class='ocrx_word' id='word_1_204' title='bbox 126 2832 261 2904; x_wconf 87' lang='lat' dir='ltr'>firmatio,</span> <span class='ocrx_word' id='word_1_205' title='bbox 290 2833 364 2890; x_wconf 90' lang='lat' dir='ltr'>unde</span> <span class='ocrx_word' id='word_1_206' title='bbox 387 2832 418 2888; x_wconf 89' lang='lat' dir='ltr'>in</span> <span class='ocrx_word' id='word_1_207' title='bbox 443 2832 593 2904; x_wconf 89' lang='lat' dir='ltr'>euangelio</span> <span class='ocrx_word' id='word_1_208' title='bbox 620 2828 723 2905; x_wconf 81' lang='lat' dir='ltr'>‘arripe</span> <span class='ocrx_word' id='word_1_209' title='bbox 746 2828 918 2892; x_wconf 84' lang='lat' dir='ltr'>cautionem&#39;</span> <span class='ocrx_word' id='word_1_210' title='bbox 944 2834 970 2891; x_wconf 90' lang='lat' dir='ltr'>·i·</span> <span class='ocrx_word' id='word_1_211' title='bbox 994 2833 1186 2891; x_wconf 86' lang='lat' dir='ltr'>firmationem</span> <span class='ocrx_word' id='word_1_212' title='bbox 1210 2833 1255 2891; x_wconf 90' lang='lat' dir='ltr'>uel</span> 
     </span>
     <span class='ocr_line' id='line_1_24' title="bbox 127 2933 1257 3008; baseline 0.001 -16"><span class='ocrx_word' id='word_1_213' title='bbox 127 2936 307 3008; x_wconf 88' lang='lat' dir='ltr'>seripturam.</span> <span class='ocrx_word' id='word_1_214' title='bbox 365 2933 591 2991; x_wconf 86' lang='lat' dir='ltr'>Tortoribus</span> <span class='ocrx_word' id='word_1_215' title='bbox 628 2933 655 2990; x_wconf 90' lang='lat' dir='ltr'>·i·</span> <span class='ocrx_word' id='word_1_216' title='bbox 690 2934 867 2993; x_wconf 90' lang='lat' dir='ltr'>demonibus.</span> <span class='ocrx_word' id='word_1_217' title='bbox 913 2934 970 2992; x_wconf 89' lang='lat' dir='ltr'>Per</span> <span class='ocrx_word' id='word_1_218' title='bbox 1007 2934 1101 2994; x_wconf 88' lang='lat' dir='ltr'>deeies</span> <span class='ocrx_word' id='word_1_219' title='bbox 1138 2935 1257 2993; x_wconf 89' lang='lat' dir='ltr'>millena</span> 
     </span>
     <span class='ocr_line' id='line_1_25' title="bbox 126 3035 1253 3112; baseline -0.003 -16"><span class='ocrx_word' id='word_1_220' title='bbox 126 3039 239 3096; x_wconf 90' lang='lat' dir='ltr'>talenta</span> <span class='ocrx_word' id='word_1_221' title='bbox 262 3036 468 3109; x_wconf 88' lang='lat' dir='ltr'>intelleguntur</span> <span class='ocrx_word' id='word_1_222' title='bbox 483 3036 593 3094; x_wconf 86' lang='lat' dir='ltr'>maiora</span> <span class='ocrx_word' id='word_1_223' title='bbox 607 3038 727 3108; x_wconf 82' lang='lat' dir='ltr'>peecata</span> <span class='ocrx_word' id='word_1_224' title='bbox 739 3036 815 3095; x_wconf 88' lang='lat' dir='ltr'>sient</span> <span class='ocrx_word' id='word_1_225' title='bbox 830 3040 875 3094; x_wconf 87' lang='lat' dir='ltr'>est</span> <span class='ocrx_word' id='word_1_226' title='bbox 889 3036 1053 3107; x_wconf 86' lang='lat' dir='ltr'>fornicatio,</span> <span class='ocrx_word' id='word_1_227' title='bbox 1070 3035 1253 3112; x_wconf 88' lang='lat' dir='ltr'>adulterium,</span> 
     </span>
     <span class='ocr_line' id='line_1_26' title="bbox 91 3139 1254 3213; baseline 0.001 -14"><span class='ocrx_word' id='word_1_228' title='bbox 91 3160 117 3200; x_wconf 85' lang='lat' dir='ltr'>ss</span> <span class='ocrx_word' id='word_1_229' title='bbox 126 3140 321 3210; x_wconf 80' lang='lat' dir='ltr'>homicidium,</span> <span class='ocrx_word' id='word_1_230' title='bbox 348 3158 400 3213; x_wconf 88' lang='lat' dir='ltr'>per</span> <span class='ocrx_word' id='word_1_231' title='bbox 425 3139 462 3196; x_wconf 84' lang='lat' dir='ltr'>.(l·</span> <span class='ocrx_word' id='word_1_232' title='bbox 487 3141 619 3199; x_wconf 89' lang='lat' dir='ltr'>denarios</span> <span class='ocrx_word' id='word_1_233' title='bbox 641 3141 755 3199; x_wconf 89' lang='lat' dir='ltr'>minora</span> <span class='ocrx_word' id='word_1_234' title='bbox 784 3140 868 3198; x_wconf 92' lang='lat' dir='ltr'>uelut</span> <span class='ocrx_word' id='word_1_235' title='bbox 895 3141 948 3213; x_wconf 89' lang='lat' dir='ltr'>ira,</span> <span class='ocrx_word' id='word_1_236' title='bbox 978 3141 1074 3199; x_wconf 91' lang='lat' dir='ltr'>odium</span> <span class='ocrx_word' id='word_1_237' title='bbox 1096 3144 1126 3199; x_wconf 91' lang='lat' dir='ltr'>et</span> <span class='ocrx_word' id='word_1_238' title='bbox 1148 3146 1254 3201; x_wconf 82' lang='lat' dir='ltr'>cetera.</span> 
     </span>
     <span class='ocr_line' id='line_1_27' title="bbox 126 3243 1253 3317; baseline 0.001 -15"><span class='ocrx_word' id='word_1_239' title='bbox 126 3244 156 3302; x_wconf 86' lang='lat' dir='ltr'>Si</span> <span class='ocrx_word' id='word_1_240' title='bbox 179 3261 246 3317; x_wconf 88' lang='lat' dir='ltr'>ergo</span> <span class='ocrx_word' id='word_1_241' title='bbox 270 3262 323 3303; x_wconf 90' lang='lat' dir='ltr'>nos</span> <span class='ocrx_word' id='word_1_242' title='bbox 348 3244 539 3302; x_wconf 88' lang='lat' dir='ltr'>dimiserimus</span> <span class='ocrx_word' id='word_1_243' title='bbox 569 3243 708 3303; x_wconf 87' lang='lat' dir='ltr'>fratribus</span> <span class='ocrx_word' id='word_1_244' title='bbox 737 3243 845 3302; x_wconf 84' lang='lat' dir='ltr'>nostris</span> <span class='ocrx_word' id='word_1_245' title='bbox 874 3243 996 3317; x_wconf 86' lang='lat' dir='ltr'>minore,</span> <span class='ocrx_word' id='word_1_246' title='bbox 1020 3244 1148 3302; x_wconf 88' lang='lat' dir='ltr'>dimittet</span> <span class='ocrx_word' id='word_1_247' title='bbox 1169 3244 1253 3303; x_wconf 88' lang='lat' dir='ltr'>nobis</span> 
     </span>
     <span class='ocr_line' id='line_1_28' title="bbox 126 3345 1251 3421; baseline 0.002 -16"><span class='ocrx_word' id='word_1_248' title='bbox 126 3348 196 3406; x_wconf 88' lang='lat' dir='ltr'>deus</span> <span class='ocrx_word' id='word_1_249' title='bbox 229 3348 346 3418; x_wconf 88' lang='lat' dir='ltr'>maiora,</span> <span class='ocrx_word' id='word_1_250' title='bbox 380 3347 405 3404; x_wconf 87' lang='lat' dir='ltr'>si</span> <span class='ocrx_word' id='word_1_251' title='bbox 439 3363 505 3418; x_wconf 92' lang='lat' dir='ltr'>non,</span> <span class='ocrx_word' id='word_1_252' title='bbox 528 3348 676 3405; x_wconf 86' lang='lat' dir='ltr'>neotemur</span> <span class='ocrx_word' id='word_1_253' title='bbox 708 3348 829 3419; x_wconf 87' lang='lat' dir='ltr'>grauius</span> <span class='ocrx_word' id='word_1_254' title='bbox 863 3347 920 3404; x_wconf 90' lang='lat' dir='ltr'>iam</span> <span class='ocrx_word' id='word_1_255' title='bbox 952 3345 1040 3405; x_wconf 86' lang='lat' dir='ltr'>soluti</span> <span class='ocrx_word' id='word_1_256' title='bbox 1069 3363 1087 3403; x_wconf 88' lang='lat' dir='ltr'>a</span> <span class='ocrx_word' id='word_1_257' title='bbox 1116 3348 1251 3421; x_wconf 80' lang='lat' dir='ltr'>pensatis.</span> 
     </span>
     <span class='ocr_line' id='line_1_29' title="bbox 124 3444 1253 3524; baseline 0.001 -17"><span class='ocrx_word' id='word_1_258' title='bbox 124 3450 181 3509; x_wconf 89' lang='lat' dir='ltr'>Hie</span> <span class='ocrx_word' id='word_1_259' title='bbox 202 3450 300 3524; x_wconf 88' lang='lat' dir='ltr'>tangit</span> <span class='ocrx_word' id='word_1_260' title='bbox 322 3449 516 3522; x_wconf 87' lang='lat' dir='ltr'>euangelium,</span> <span class='ocrx_word' id='word_1_261' title='bbox 539 3450 589 3507; x_wconf 89' lang='lat' dir='ltr'>nbi</span> <span class='ocrx_word' id='word_1_262' title='bbox 611 3448 718 3521; x_wconf 87' lang='lat' dir='ltr'>legitur</span> <span class='ocrx_word' id='word_1_263' title='bbox 744 3444 834 3507; x_wconf 82' lang='lat' dir='ltr'>&#39;homo</span> <span class='ocrx_word' id='word_1_264' title='bbox 852 3448 967 3522; x_wconf 90' lang='lat' dir='ltr'>qnidam</span> <span class='ocrx_word' id='word_1_265' title='bbox 989 3450 1089 3523; x_wconf 88' lang='lat' dir='ltr'>posuit</span> <span class='ocrx_word' id='word_1_266' title='bbox 1111 3451 1253 3509; x_wconf 88' lang='lat' dir='ltr'>rationem</span> 
     </span>
     <span class='ocr_line' id='line_1_30' title="bbox 125 3548 1251 3626; baseline -0.001 -14"><span class='ocrx_word' id='word_1_267' title='bbox 125 3571 188 3612; x_wconf 89' lang='lat' dir='ltr'>oum</span> <span class='ocrx_word' id='word_1_268' title='bbox 211 3554 302 3612; x_wconf 86' lang='lat' dir='ltr'>seruis</span> <span class='ocrx_word' id='word_1_269' title='bbox 326 3548 407 3612; x_wconf 86' lang='lat' dir='ltr'>suis&#39;.</span> <span class='ocrx_word' id='word_1_270' title='bbox 443 3553 562 3611; x_wconf 82' lang='lat' dir='ltr'>Donec</span> <span class='ocrx_word' id='word_1_271' title='bbox 584 3552 696 3611; x_wconf 89' lang='lat' dir='ltr'>finitum</span> <span class='ocrx_word' id='word_1_272' title='bbox 718 3568 770 3624; x_wconf 90' lang='lat' dir='ltr'>pro</span> <span class='ocrx_word' id='word_1_273' title='bbox 794 3551 907 3612; x_wconf 88' lang='lat' dir='ltr'>infinito</span> <span class='ocrx_word' id='word_1_274' title='bbox 929 3551 1037 3625; x_wconf 90' lang='lat' dir='ltr'>posuit,</span> <span class='ocrx_word' id='word_1_275' title='bbox 1062 3554 1129 3624; x_wconf 91' lang='lat' dir='ltr'>quia</span> <span class='ocrx_word' id='word_1_276' title='bbox 1147 3554 1189 3612; x_wconf 91' lang='lat' dir='ltr'>illi</span> <span class='ocrx_word' id='word_1_277' title='bbox 1202 3552 1251 3626; x_wconf 86' lang='lat' dir='ltr'>qui</span> 
     </span>
     <span class='ocr_line' id='line_1_31' title="bbox 89 3654 1252 3729; baseline -0.004 -12"><span class='ocrx_word' id='word_1_278' title='bbox 89 3658 157 3717; x_wconf 83' lang='lat' dir='ltr'>eoin</span> <span class='ocrx_word' id='word_1_279' title='bbox 178 3656 289 3716; x_wconf 83' lang='lat' dir='ltr'>inferno</span> <span class='ocrx_word' id='word_1_280' title='bbox 312 3657 469 3715; x_wconf 89' lang='lat' dir='ltr'>damnandi</span> <span class='ocrx_word' id='word_1_281' title='bbox 496 3658 573 3729; x_wconf 86' lang='lat' dir='ltr'>sunt,</span> <span class='ocrx_word' id='word_1_282' title='bbox 596 3672 740 3728; x_wconf 91' lang='lat' dir='ltr'>nunquam</span> <span class='ocrx_word' id='word_1_283' title='bbox 763 3656 876 3714; x_wconf 90' lang='lat' dir='ltr'>ueniam</span> <span class='ocrx_word' id='word_1_284' title='bbox 893 3657 1087 3727; x_wconf 87' lang='lat' dir='ltr'>merebuntur,</span> <span class='ocrx_word' id='word_1_285' title='bbox 1104 3671 1158 3714; x_wconf 91' lang='lat' dir='ltr'>non</span> <span class='ocrx_word' id='word_1_286' title='bbox 1176 3654 1252 3713; x_wconf 89' lang='lat' dir='ltr'>sient</span> 
     </span>
     <span class='ocr_line' id='line_1_32' title="bbox 125 3757 1252 3833; baseline -0.003 -15"><span class='ocrx_word' id='word_1_287' title='bbox 125 3760 264 3833; x_wconf 88' lang='lat' dir='ltr'>Origenes</span> <span class='ocrx_word' id='word_1_288' title='bbox 287 3760 366 3831; x_wconf 85' lang='lat' dir='ltr'>dicit,</span> <span class='ocrx_word' id='word_1_289' title='bbox 401 3762 468 3833; x_wconf 89' lang='lat' dir='ltr'>post</span> <span class='ocrx_word' id='word_1_290' title='bbox 495 3758 575 3817; x_wconf 92' lang='lat' dir='ltr'>mille</span> <span class='ocrx_word' id='word_1_291' title='bbox 605 3776 697 3818; x_wconf 91' lang='lat' dir='ltr'>annos</span> <span class='ocrx_word' id='word_1_292' title='bbox 723 3757 993 3817; x_wconf 87' lang='lat' dir='ltr'>soluetnrsatanas</span> <span class='ocrx_word' id='word_1_293' title='bbox 1017 3758 1176 3829; x_wconf 81' lang='lat' dir='ltr'>eumenis,</span> <span class='ocrx_word' id='word_1_294' title='bbox 1201 3758 1252 3817; x_wconf 90' lang='lat' dir='ltr'>sed</span> 
     </span>
    </p>
   </div>
   <div class='ocr_carea' id='block_1_3' title="bbox 122 3856 1250 4041">
    <p class='ocr_par' dir='ltr' id='par_1_3' title="bbox 122 3856 1250 4041">
     <span class='ocr_line' id='line_1_33' title="bbox 122 3856 1250 3939; baseline -0.001 -19"><span class='ocrx_word' id='word_1_295' title='bbox 122 3863 217 3936; x_wconf 87' lang='lat' dir='ltr'>magis</span> <span class='ocrx_word' id='word_1_296' title='bbox 241 3863 386 3921; x_wconf 90' lang='lat' dir='ltr'>sententia</span> <span class='ocrx_word' id='word_1_297' title='bbox 408 3862 513 3922; x_wconf 93' lang='lat' dir='ltr'>domini</span> <span class='ocrx_word' id='word_1_298' title='bbox 536 3864 621 3921; x_wconf 82' lang='lat' dir='ltr'>cauta</span> <span class='ocrx_word' id='word_1_299' title='bbox 636 3862 702 3939; x_wconf 89' lang='lat' dir='ltr'>erit,</span> <span class='ocrx_word' id='word_1_300' title='bbox 725 3879 782 3935; x_wconf 85' lang='lat' dir='ltr'>qua</span> <span class='ocrx_word' id='word_1_301' title='bbox 798 3861 870 3920; x_wconf 90' lang='lat' dir='ltr'>dieit</span> <span class='ocrx_word' id='word_1_302' title='bbox 891 3856 981 3920; x_wconf 85' lang='lat' dir='ltr'>‘ibunt</span> <span class='ocrx_word' id='word_1_303' title='bbox 996 3861 1077 3935; x_wconf 88' lang='lat' dir='ltr'>impii</span> <span class='ocrx_word' id='word_1_304' title='bbox 1092 3860 1123 3918; x_wconf 93' lang='lat' dir='ltr'>in</span> <span class='ocrx_word' id='word_1_305' title='bbox 1139 3860 1250 3935; x_wconf 86' lang='lat' dir='ltr'>suppli-</span> 
     </span>
     <span class='ocr_line' id='line_1_34' title="bbox 123 3962 1250 4041; baseline -0.004 -16"><span class='ocrx_word' id='word_1_306' title='bbox 123 3968 198 4026; x_wconf 89' lang='lat' dir='ltr'>eium</span> <span class='ocrx_word' id='word_1_307' title='bbox 223 3962 392 4027; x_wconf 90' lang='lat' dir='ltr'>aeternum’.</span> <span class='ocrx_word' id='word_1_308' title='bbox 429 3966 506 4041; x_wconf 85' lang='lat' dir='ltr'>Ergo</span> <span class='ocrx_word' id='word_1_309' title='bbox 530 3967 620 4025; x_wconf 88' lang='lat' dir='ltr'>donee</span> <span class='ocrx_word' id='word_1_310' title='bbox 642 3982 694 4039; x_wconf 88' lang='lat' dir='ltr'>pro</span> <span class='ocrx_word' id='word_1_311' title='bbox 717 3983 829 4040; x_wconf 87' lang='lat' dir='ltr'>semper</span> <span class='ocrx_word' id='word_1_312' title='bbox 856 3967 965 4039; x_wconf 88' lang='lat' dir='ltr'>posuit,</span> <span class='ocrx_word' id='word_1_313' title='bbox 988 3964 1065 4023; x_wconf 88' lang='lat' dir='ltr'>sieut</span> <span class='ocrx_word' id='word_1_314' title='bbox 1086 3965 1115 4023; x_wconf 93' lang='lat' dir='ltr'>in</span> <span class='ocrx_word' id='word_1_315' title='bbox 1139 3962 1250 4036; x_wconf 89' lang='lat' dir='ltr'>psalmo</span> 
     </span>
    </p>
   </div>
   <div class='ocr_carea' id='block_1_4' title="bbox 121 4144 1254 4301">
    <p class='ocr_par' dir='ltr' id='par_1_4' title="bbox 121 4144 1254 4301">
     <span class='ocr_line' id='line_1_35' title="bbox 225 4144 1254 4211; baseline -0.002 -10"><span class='ocrx_word' id='word_1_316' title='bbox 225 4150 258 4203; x_wconf 89' lang='lat'>13</span> <span class='ocrx_word' id='word_1_317' title='bbox 284 4147 359 4201; x_wconf 87' lang='lat' dir='ltr'>Paul.</span> <span class='ocrx_word' id='word_1_318' title='bbox 387 4147 422 4201; x_wconf 88' lang='lat' dir='ltr'>ad</span> <span class='ocrx_word' id='word_1_319' title='bbox 448 4146 519 4200; x_wconf 90' lang='lat' dir='ltr'>Phil.</span> <span class='ocrx_word' id='word_1_320' title='bbox 547 4148 572 4209; x_wconf 81' lang='lat'>4,</span> <span class='ocrx_word' id='word_1_321' title='bbox 596 4146 611 4199; x_wconf 78' lang='lat'>7</span> <span class='ocrx_word' id='word_1_322' title='bbox 714 4146 748 4199; x_wconf 90' lang='grc'>22</span> <span class='ocrx_word' id='word_1_323' title='bbox 775 4146 840 4200; x_wconf 83' lang='lat' dir='ltr'>Ima.</span> <span class='ocrx_word' id='word_1_324' title='bbox 860 4146 937 4211; x_wconf 84' lang='grc'>16,6</span> <span class='ocrx_word' id='word_1_325' title='bbox 1039 4147 1073 4200; x_wconf 93' lang='grc'>28</span> <span class='ocrx_word' id='word_1_326' title='bbox 1099 4145 1132 4201; x_wconf 84' lang='lat' dir='ltr'>af.</span> <span class='ocrx_word' id='word_1_327' title='bbox 1150 4144 1254 4199; x_wconf 82' lang='lat' dir='ltr'>Matth.</span> 
     </span>
     <span class='ocr_line' id='line_1_36' title="bbox 121 4232 975 4301; baseline -0.006 -11"><span class='ocrx_word' id='word_1_328' title='bbox 121 4236 164 4301; x_wconf 83' lang='lat'>25,</span> <span class='ocrx_word' id='word_1_329' title='bbox 184 4236 216 4289; x_wconf 88' lang='grc'>19</span> <span class='ocrx_word' id='word_1_330' title='bbox 319 4235 354 4288; x_wconf 88' lang='grc'>32</span> <span class='ocrx_word' id='word_1_331' title='bbox 371 4236 404 4287; x_wconf 86' lang='lat' dir='ltr'>ef.</span> <span class='ocrx_word' id='word_1_332' title='bbox 422 4234 521 4286; x_wconf 87' lang='lat' dir='ltr'>Matth.</span> <span class='ocrx_word' id='word_1_333' title='bbox 540 4234 582 4298; x_wconf 87' lang='grc'>25,</span> <span class='ocrx_word' id='word_1_334' title='bbox 601 4232 636 4285; x_wconf 84' lang='grc'>46</span> <span class='ocrx_word' id='word_1_335' title='bbox 738 4233 773 4286; x_wconf 87' lang='grc'>33</span> <span class='ocrx_word' id='word_1_336' title='bbox 790 4232 862 4286; x_wconf 86' lang='lat' dir='ltr'>Psel.</span> <span class='ocrx_word' id='word_1_337' title='bbox 882 4232 939 4297; x_wconf 87' lang='grc'>122,</span> <span class='ocrx_word' id='word_1_338' title='bbox 958 4233 975 4286; x_wconf 96' lang='grc'>2</span> 
     </span>
    </p>
   </div>
   <div class='ocr_carea' id='block_1_5' title="bbox 172 4400 1183 4563">
    <p class='ocr_par' dir='ltr' id='par_1_5' title="bbox 172 4400 1183 4563">
     <span class='ocr_line' id='line_1_37' title="bbox 173 4400 1183 4471; baseline -0.003 -13"><span class='ocrx_word' id='word_1_339' title='bbox 173 4405 246 4459; x_wconf 68' lang='lat' dir='ltr'>2nt·</span> <span class='ocrx_word' id='word_1_340' title='bbox 262 4410 382 4471; x_wconf 84' lang='lat' dir='ltr'>(aeras.)</span> <span class='ocrx_word' id='word_1_341' title='bbox 395 4407 423 4457; x_wconf 82' lang='lat' dir='ltr'><strong><em>A</em></strong></span> <span class='ocrx_word' id='word_1_342' title='bbox 510 4404 750 4471; x_wconf 76' lang='lat' dir='ltr'>lamus-eorpus</span> <span class='ocrx_word' id='word_1_343' title='bbox 762 4403 827 4458; x_wconf 80' lang='lat' dir='ltr'>odd.</span> <span class='ocrx_word' id='word_1_344' title='bbox 840 4404 879 4455; x_wconf 80' lang='lat' dir='ltr'>A²</span> <span class='ocrx_word' id='word_1_345' title='bbox 967 4402 998 4455; x_wconf 78' lang='lat'>15</span> <span class='ocrx_word' id='word_1_346' title='bbox 1011 4400 1183 4455; x_wconf 84' lang='lat' dir='ltr'>brebendaA</span> 
     </span>
     <span class='ocr_line' id='line_1_38' title="bbox 172 4505 1146 4563; baseline -0.004 0"><span class='ocrx_word' id='word_1_347' title='bbox 172 4508 205 4563; x_wconf 63' lang='grc' dir='ltr'>Χ</span> <span class='ocrx_word' id='word_1_348' title='bbox 1111 4505 1146 4559; x_wconf 89' lang='grc'>22</span> 
     </span>
    </p>
   </div>
   <div class='ocr_carea' id='block_1_6' title="bbox 1271 890 1411 929">
    <p class='ocr_par' dir='ltr' id='par_1_6' title="bbox 1271 890 1411 929">
     <span class='ocr_line' id='line_1_39' title="bbox 1271 890 1411 929; baseline 0.014 -2"><span class='ocrx_word' id='word_1_349' title='bbox 1271 900 1291 927; x_wconf 81' lang='lat' dir='ltr'>v.</span> <span class='ocrx_word' id='word_1_350' title='bbox 1306 890 1411 929; x_wconf 70' lang='grc'>257-228</span> 
     </span>
    </p>
   </div>
   <div class='ocr_carea' id='block_1_7' title="bbox 0 0 1558 5250">
    <p class='ocr_par' dir='ltr' id='par_1_7' title="bbox 0 0 1558 5250">
     <span class='ocr_line' id='line_1_40' title="bbox 0 0 1558 5250; baseline 0 3"><span class='ocrx_word' id='word_1_351' title='bbox 0 0 1558 5250; x_wconf 95' lang='lat' dir='ltr'> </span> 
     </span>
    </p>
   </div>
  </div>
 </body>
</html>
