3106 5250
528 429 678 499 Remigii
700 428 879 498 expositio.
1204 427 1266 492 317

137 629 210 687 stne.
258 625 440 698 Pelagus,
477 623 599 697 pelagus
637 622 742 682 dieitur·
778 621 961 696 profunditas
997 621 1094 693 marie,
1132 621 1184 681 sed
1220 619 1268 679 hie

137 745 188 802 pro
230 726 429 801 profunditate
473 726 637 785 diuinitatis
680 724 804 799 ponitur.
863 724 963 798 Tyro,
1008 723 1139 782 nouellus
1184 724 1266 784 miles
1279 744 1301 787 r·
1315 737 1362 785 Μ

138 833 168 890 et
190 830 281 902 rudis,
305 830 354 905 qui
371 829 485 888 nouiter
501 831 536 888 ad
552 829 684 889 militiam
700 828 808 888 Christi
824 828 915 887 uenit.
954 826 1101 903 lintre,
1117 825 1268 899 nauicula;

137 934 320 993 translatinis
350 933 448 994 uerbis
477 932 570 993 utitur
592 932 619 989 ·i·
644 930 846 1005 metaphorice.
892 929 1027 1002 Superius
1051 928 1124 986 dixit
1149 925 1267 988 ‘inmen-

114 1053 202 1097 ssum
225 1031 353 1112 pelagus'
378 1036 606 1110 profunditatem
621 1035 766 1109 ¹mysterii
789 1032 945 1107 paschalis,
969 1032 1050 1091 modo
1073 1032 1144 1092 dicit
1169 1029 1268 1107 ‘parua

138 1134 234 1197 lintre’
266 1155 317 1212 pro
354 1136 450 1214 ‘paruo
484 1134 618 1213 ingenio'.
663 1138 891 1210 dispungam,
926 1139 1074 1196 excusabo.
1119 1136 1202 1194 Modo
1237 1152 1269 1195 ee

140 1243 256 1300 excusat
278 1244 351 1315 apud
374 1239 587 1313 Macedonium,
614 1241 739 1315 qualiter
767 1257 854 1299 ausus
890 1238 945 1297 fuit
977 1238 1107 1312 prosaice
1130 1239 1208 1297 huno
1230 1239 1269 1297 li·

139 1344 222 1403 brum
260 1362 442 1419 componere,
480 1348 545 1420 poet
580 1345 708 1404 metrice.
752 1344 952 1421 Audacem,
989 1343 1266 1416 praesumptuosum.

140 1448 336 1520 Deuotum‚
360 1449 506 1509 humilem.
551 1448 698 1505 Portum
720 1447 783 1506 ideo
806 1448 906 1520 pectus
930 1447 1085 1519 nuncupat,
1109 1444 1177 1518 quia
1192 1444 1271 1502 sicut

104 1549 168 1607 roin
201 1551 318 1622 portum
351 1549 460 1611 multae
493 1548 668 1610 conueniunt
700 1566 799 1621 naues,
834 1548 877 1607 ita
908 1550 937 1606 et
959 1549 987 1606 in
1016 1550 1129 1621 pectore
1160 1547 1268 1607 multae

112 1634 118 1647 ⁵
139 1654 282 1726 geruntur
305 1653 505 1727 cogitationes.
544 1651 795 1726 Naufragium
815 1650 841 1709 ·i·
856 1651 966 1710 nullam
982 1652 1104 1711 heresim
1120 1649 1266 1709 indidisse.

138 1754 356 1833 Occupatus‚
373 1756 557 1817 detentus...
574 1754 652 1814 Non
667 1754 838 1814 utilitati
854 1757 879 1813 ·i·
897 1772 953 1814 non
969 1755 1118 1814 doctrinae
1130 1751 1271 1837 spiritali.-

140 1857 207 1916 Sed
230 1857 336 1917 inani
358 1858 385 1916 ·i·
410 1857 552 1918 saeculari
575 1857 744 1932 sapientiae.
782 1858 1099 1930 Deprehenderem
1122 1855 1148 1913 ·i·
1171 1856 1265 1916 tribu·

139 1978 228 2021 erem.
272 1961 454 2032 Lusibue,
493 1961 575 2021 ludos
598 1962 682 2020 uocat
705 1956 868 2020 saecularia
891 1962 1028 2019 carmina.
1073 1960 1267 2020 Fabrioam

105 2063 165 2122 15·i·
189 2080 233 2123 me
256 2063 428 2123 fabricatum
460 2063 495 2122 ab
519 2080 560 2124 eo.
599 2062 794 2134 Condiuit,
828 2062 935 2137 saliuit,
960 2062 1091 2137 repleuit.
1130 2061 1267 2121 Oculos

139 2167 264 2225 cordis
287 2166 380 2225 uisum
403 2165 492 2226 animi
515 2166 592 2226 dicit.
628 2164 742 2224 Dicitur
764 2168 858 2224 autem
882 2164 980 2225 oculus
1003 2168 1084 2239 quasi
1107 2166 1183 2225 ocior
1206 2165 1265 2244 lux,

139 2267 214 2340 quod
243 2268 298 2327 cito
322 2269 436 2328 intenta
457 2270 603 2343 respiciat,
635 2270 695 2329 siue
718 2271 790 2344 quod
816 2268 962 2342 palpebris
980 2270 1177 2328 occulentibus
1199 2285 1266 2342 pro·
1306 2349 1309 2355 Ι

138 2372 224 2430 batur
261 2372 399 2434 occultus.
445 2372 590 2434 Sontes:
632 2374 732 2431 sentes
770 2374 839 2429 sunt
876 2372 986 2447 spinae,
1026 2373 1091 2429 dum
1129 2370 1266 2431 similiter

140 2473 273 2532 dicuntur
301 2474 464 2535 truncatiuo
494 2475 597 2548 spinae
620 2476 649 2533 et
670 2474 824 2549 pluraliter
847 2474 1038 2548 declinantur,
1061 2474 1127 2533 inde
1157 2474 1266 2560 dumosi

104 2577 201 2648 roagri
225 2576 252 2634 ·i·
276 2578 396 2650 spinosi.
442 2579 510 2638 Per
543 2580 674 2638 sentes
708 2577 855 2637 dumosi
890 2578 975 2651 agni
1002 2576 1029 2635 i·
1051 2594 1102 2650 per
1135 2577 1266 2635 saecula·

139 2695 198 2738 rem
236 2678 406 2742 doctrinam.
455 2680 546 2740 Nisu
584 2680 609 2738 -i·
647 2682 801 2740 conamine.
852 2680 995 2738 Cultum
1030 2679 1056 2737 ·i·
1090 2679 1266 2753 obsequium.

139 2783 324 2855 Procella,
360 2782 571 2856 sollicitudine;
600 2784 727 2858 procella
750 2783 856 2842 dicitur
884 2784 999 2842 undae
1027 2781 1207 2857 percellendo
1237 2782 1365 2843 ·i·n·e,u

138 2885 332 2959 percutiendo,
363 2903 395 2944 eo
424 2887 498 2959 quod
527 2890 639 2946 mentes
669 2886 816 2945 hominum
846 2885 993 2959 percellat.
1039 2886 1181 2957 Aegros
1210 2903 1267 2945 an·

139 2988 285 3046 lrelitus
319 2988 346 3044 ·i·
381 2988 505 3061 suspiria
539 2987 673 3047 similiter
702 2989 776 3046 sicut
805 2989 834 3048 et
862 3005 923 3046 uos.
971 2988 1142 3056 Quamuis
1175 2986 1265 3060 ipsi:

105 3090 263 3149 dehonorat
300 3089 495 3148 Macedonium
529 3091 627 3149 dicens
664 3086 735 3164 ‘ipsi'
766 3106 817 3162 pro
853 3084 941 3161 ‘ipse'.
985 3088 1198 3163 Igniculum
1231 3090 1267 3147 in

139 3211 204 3254 me:
230 3210 290 3264 uos,
314 3192 417 3266 inquit,
442 3191 578 3266 cogitatis
593 3208 637 3251 me
653 3191 758 3250 habere
774 3190 899 3263 aliquem
916 3190 1071 3263 igniculum
1087 3190 1266 3265 prudentiae.

140 3296 287 3354 Silicis:
324 3295 395 3354 siler
423 3298 469 3354 est
491 3297 573 3370 petra
596 3295 760 3367 durissima,
784 3313 818 3354 ex
840 3311 898 3368 qua
919 3295 996 3369 ignis
1019 3296 1174 3368 egreditur.
1211 3293 1238 3351 N
1250 3311 1265 3353 e
1278 3320 1300 3361 p.
1315 3310 1366 3360 ao

139 3416 209 3459 non
238 3415 399 3458 carerem
430 3399 457 3458 ·i·
485 3401 518 3459 ut
545 3416 603 3459 non
633 3414 769 3458 carerem.
815 3398 998 3458 (traditam
1027 3400 1172 3459 idolam
1195 3400 1267 3459 mihi

140 3520 157 3561 a
186 3503 256 3563 Deo.
301 3501 455 3574 Ingenium
484 3519 566 3561 suurn
594 3503 678 3562 uocat
706 3500 902 3575 quantitatem
924 3500 1009 3559 unius
1032 3501 1153 3575 talenti;
1178 3520 1266 3562 euan-
1309 3544 1313 3551 -

105 3606 261 3680 oogelioam
294 3605 462 3679 parabolam
494 3605 600 3679 tangit,
635 3605 684 3664 ubi
718 3604 842 3667 dicitur:
880 3604 963 3664 homo
998 3605 1114 3679 quidam
1147 3622 1267 3680 peregre

140 3707 327 3781 proficiscens
354 3710 469 3769 uocauit
498 3725 599 3768 seruos
628 3725 696 3769 suos
725 3724 748 3767 e.
779 3709 807 3768 d.
831 3708 859 3768 d.
890 3711 912 3767 t.
940 3726 966 3768 a.
992 3708 1018 3769 d.
1043 3726 1069 3770 a.
1093 3725 1121 3770 u.
1145 3709 1201 3768 Per
1223 3708 1267 3769 ·V·

140 3810 250 3870 talenta
272 3811 314 3869 ·V·
339 3828 441 3871 sensus
469 3812 594 3885 eorporis
626 3810 846 3885 intelleguntur,
877 3827 929 3884 per·
958 3813 1011 3871 duo
1042 3812 1209 3872 intellectus
1237 3812 1269 3871 et

141 3915 279 3987 operatio,
302 3930 352 3987 per
376 3913 407 3972 ·I·
429 3912 594 3973 intellectus
617 3916 740 3985 tantum,
762 3914 831 3987 quia
846 3913 963 3987 quidam
978 3916 1047 3973 sunt
1061 3915 1166 3988 quibus
1182 3915 1267 3974 datur

141 4015 306 4075 intellectus
329 4016 393 4075 sine
415 4017 510 4090 gratia
532 4015 677 4091 operandi.
722 4016 762 4077 Hi
791 4018 859 4077 sunt
881 4017 931 4090 qui
954 4017 1036 4090 qnasi
1059 4016 1171 4077 fodiunt
1193 4016 1267 4076 illud

191 4267 268 4320 Sua
291 4267 406 4337 postea?
526 4271 732 4338 psumptuosum
754 4269 781 4321 A
909 4269 940 4323 12
964 4268 1099 4339 detentus]
1123 4269 1271 4338 discerpta

139 4352 281 4421 {acipiunt
