<?xml version="1.0" encoding="UTF-8"?>
<!DOCTYPE html PUBLIC "-//W3C//DTD XHTML 1.0 Transitional//EN"
    "http://www.w3.org/TR/xhtml1/DTD/xhtml1-transitional.dtd">
<html xmlns="http://www.w3.org/1999/xhtml" xml:lang="en" lang="en">
 <head>
  <title>
</title>
<meta http-equiv="Content-Type" content="text/html;charset=utf-8" />
  <meta name='ocr-system' content='tesseract 3.04.00' />
  <meta name='ocr-capabilities' content='ocr_page ocr_carea ocr_par ocr_line ocrx_word'/>
</head>
<body>
  <div class='ocr_page' id='page_1' title='image "./sedvliioperaomn00remigoog_0048.png"; bbox 0 0 3106 5250; ppageno 0'>
   <div class='ocr_carea' id='block_1_1' title="bbox 1169 485 1321 534">
    <p class='ocr_par' dir='ltr' id='par_1_1' title="bbox 1169 485 1321 534">
     <span class='ocr_line' id='line_1_1' title="bbox 1169 485 1321 534; baseline 0.02 -3"><span class='ocrx_word' id='word_1_1' title='bbox 1169 485 1321 534; x_wconf 83' lang='lat' dir='ltr'>XXXVIIII</span> 
     </span>
    </p>
   </div>
   <div class='ocr_carea' id='block_1_2' title="bbox 187 654 1388 2283">
    <p class='ocr_par' dir='ltr' id='par_1_2' title="bbox 187 654 1388 2283">
     <span class='ocr_line' id='line_1_2' title="bbox 188 654 1388 738; baseline 0.005 -20"><span class='ocrx_word' id='word_1_2' title='bbox 188 654 329 738; x_wconf 91' lang='lat' dir='ltr'>aliasque</span> <span class='ocrx_word' id='word_1_3' title='bbox 352 654 527 720; x_wconf 89' lang='lat' dir='ltr'>Parisinam</span> <span class='ocrx_word' id='word_1_4' title='bbox 557 655 807 737; x_wconf 82' lang='lat' dir='ltr'>antiquissimam</span> <span class='ocrx_word' id='word_1_5' title='bbox 837 654 911 720; x_wconf 90' lang='lat' dir='ltr'>anni</span> <span class='ocrx_word' id='word_1_6' title='bbox 940 654 1022 720; x_wconf 83' lang='lat'>1589</span> <span class='ocrx_word' id='word_1_7' title='bbox 1054 655 1236 721; x_wconf 89' lang='lat' dir='ltr'>contulerat.</span> <span class='ocrx_word' id='word_1_8' title='bbox 1274 657 1320 719; x_wconf 80' lang='lat' dir='ltr'>Er</span> <span class='ocrx_word' id='word_1_9' title='bbox 1381 709 1388 724; x_wconf 89' lang='lat'>.</span> 
     </span>
     <span class='ocr_line' id='line_1_3' title="bbox 191 756 1316 840; baseline 0 -20"><span class='ocrx_word' id='word_1_10' title='bbox 191 756 376 822; x_wconf 89' lang='lat' dir='ltr'>lectionibus</span> <span class='ocrx_word' id='word_1_11' title='bbox 410 775 598 839; x_wconf 88' lang='lat' dir='ltr'>quamquam</span> <span class='ocrx_word' id='word_1_12' title='bbox 631 759 736 839; x_wconf 82' lang='lat' dir='ltr'>paucis</span> <span class='ocrx_word' id='word_1_13' title='bbox 768 776 803 820; x_wconf 81' lang='lat' dir='ltr'>ex</span> <span class='ocrx_word' id='word_1_14' title='bbox 834 757 1022 821; x_wconf 75' lang='lat' dir='ltr'>editionibus</span> <span class='ocrx_word' id='word_1_15' title='bbox 1053 758 1207 840; x_wconf 74' lang='lat' dir='ltr'>excerptis</span> <span class='ocrx_word' id='word_1_16' title='bbox 1239 759 1316 822; x_wconf 87' lang='lat' dir='ltr'>satis</span> 
     </span>
     <span class='ocr_line' id='line_1_4' title="bbox 192 860 1318 942; baseline 0.003 -20"><span class='ocrx_word' id='word_1_17' title='bbox 192 875 367 942; x_wconf 85' lang='lat' dir='ltr'>cognosces,</span> <span class='ocrx_word' id='word_1_18' title='bbox 392 877 487 942; x_wconf 90' lang='lat' dir='ltr'>quam</span> <span class='ocrx_word' id='word_1_19' title='bbox 510 861 611 923; x_wconf 90' lang='lat' dir='ltr'>multa</span> <span class='ocrx_word' id='word_1_20' title='bbox 633 860 712 924; x_wconf 85' lang='lat' dir='ltr'>uitis</span> <span class='ocrx_word' id='word_1_21' title='bbox 735 878 789 941; x_wconf 91' lang='lat' dir='ltr'>per</span> <span class='ocrx_word' id='word_1_22' title='bbox 815 860 938 924; x_wconf 89' lang='lat' dir='ltr'>saecula</span> <span class='ocrx_word' id='word_1_23' title='bbox 961 860 995 923; x_wconf 92' lang='lat' dir='ltr'>iu</span> <span class='ocrx_word' id='word_1_24' title='bbox 1021 878 1097 942; x_wconf 88' lang='lat' dir='ltr'>opus</span> <span class='ocrx_word' id='word_1_25' title='bbox 1120 860 1318 942; x_wconf 85' lang='lat' dir='ltr'>irrepserint.</span> 
     </span>
     <span class='ocr_line' id='line_1_5' title="bbox 190 960 1319 1046; baseline -0.002 -18"><span class='ocrx_word' id='word_1_26' title='bbox 190 965 234 1028; x_wconf 84' lang='lat' dir='ltr'>At</span> <span class='ocrx_word' id='word_1_27' title='bbox 256 982 311 1046; x_wconf 88' lang='lat' dir='ltr'>per</span> <span class='ocrx_word' id='word_1_28' title='bbox 335 981 446 1027; x_wconf 89' lang='lat' dir='ltr'>aeuum</span> <span class='ocrx_word' id='word_1_29' title='bbox 469 960 606 1025; x_wconf 91' lang='lat' dir='ltr'>medium</span> <span class='ocrx_word' id='word_1_30' title='bbox 630 961 734 1042; x_wconf 89' lang='lat' dir='ltr'>plures</span> <span class='ocrx_word' id='word_1_31' title='bbox 757 980 850 1044; x_wconf 92' lang='lat' dir='ltr'>quam</span> <span class='ocrx_word' id='word_1_32' title='bbox 873 962 963 1026; x_wconf 89' lang='lat' dir='ltr'>hodie</span> <span class='ocrx_word' id='word_1_33' title='bbox 980 961 1095 1027; x_wconf 83' lang='lat' dir='ltr'>Prosae</span> <span class='ocrx_word' id='word_1_34' title='bbox 1110 962 1205 1027; x_wconf 90' lang='lat' dir='ltr'>libros</span> <span class='ocrx_word' id='word_1_35' title='bbox 1224 980 1319 1026; x_wconf 90' lang='lat' dir='ltr'>mauu</span> 
     </span>
     <span class='ocr_line' id='line_1_6' title="bbox 192 1064 1320 1148; baseline -0.004 -16"><span class='ocrx_word' id='word_1_36' title='bbox 192 1067 325 1148; x_wconf 87' lang='lat' dir='ltr'>scriptos</span> <span class='ocrx_word' id='word_1_37' title='bbox 348 1065 502 1129; x_wconf 86' lang='lat' dir='ltr'>exstitisse</span> <span class='ocrx_word' id='word_1_38' title='bbox 525 1084 560 1128; x_wconf 85' lang='lat' dir='ltr'>er</span> <span class='ocrx_word' id='word_1_39' title='bbox 584 1065 732 1147; x_wconf 84' lang='lat' dir='ltr'>catalogis</span> <span class='ocrx_word' id='word_1_40' title='bbox 755 1064 889 1129; x_wconf 88' lang='lat' dir='ltr'>uetustis</span> <span class='ocrx_word' id='word_1_41' title='bbox 906 1067 1059 1143; x_wconf 91' lang='lat' dir='ltr'>docemur,</span> <span class='ocrx_word' id='word_1_42' title='bbox 1084 1065 1124 1130; x_wconf 84' lang='lat' dir='ltr'>ct.</span> <span class='ocrx_word' id='word_1_43' title='bbox 1142 1066 1320 1148; x_wconf 85' lang='lat' dir='ltr'>catalogum</span> 
     </span>
     <span class='ocr_line' id='line_1_7' title="bbox 189 1154 1318 1251; baseline -0.004 -15"><span class='ocrx_word' id='word_1_44' title='bbox 189 1189 216 1237; x_wconf 90' lang='lat' dir='ltr'>s.</span> <span class='ocrx_word' id='word_1_45' title='bbox 235 1170 282 1235; x_wconf 85' lang='lat' dir='ltr'>Xl</span> <span class='ocrx_word' id='word_1_46' title='bbox 305 1154 457 1251; x_wconf 89' lang='lat' dir='ltr'>scriptum</span> <span class='ocrx_word' id='word_1_47' title='bbox 486 1167 691 1232; x_wconf 84' lang='lat' dir='ltr'>bibliothecae</span> <span class='ocrx_word' id='word_1_48' title='bbox 721 1186 803 1231; x_wconf 90' lang='lat' dir='ltr'>nuuc</span> <span class='ocrx_word' id='word_1_49' title='bbox 831 1167 1006 1250; x_wconf 86' lang='lat' dir='ltr'>incognitas</span> <span class='ocrx_word' id='word_1_50' title='bbox 1030 1169 1111 1251; x_wconf 88' lang='lat' dir='ltr'>apud</span> <span class='ocrx_word' id='word_1_51' title='bbox 1134 1167 1167 1232; x_wconf 86' lang='lat' dir='ltr'>L.</span> <span class='ocrx_word' id='word_1_52' title='bbox 1193 1167 1318 1246; x_wconf 80' lang='lat' dir='ltr'>Belleia,</span> 
     </span>
     <span class='ocr_line' id='line_1_8' title="bbox 189 1269 1320 1354; baseline -0.001 -18"><span class='ocrx_word' id='word_1_53' title='bbox 189 1271 235 1336; x_wconf 86' lang='lat' dir='ltr'>Le</span> <span class='ocrx_word' id='word_1_54' title='bbox 251 1270 382 1337; x_wconf 79' lang='lat' dir='ltr'>Gattaei</span> <span class='ocrx_word' id='word_1_55' title='bbox 397 1275 455 1336; x_wconf 90' lang='lat' dir='ltr'>eto.</span> <span class='ocrx_word' id='word_1_56' title='bbox 471 1292 501 1354; x_wconf 89' lang='lat' dir='ltr'>p.</span> <span class='ocrx_word' id='word_1_57' title='bbox 518 1270 608 1352; x_wconf 79' lang='grc'>479);</span> <span class='ocrx_word' id='word_1_58' title='bbox 627 1274 668 1336; x_wconf 85' lang='grc'>96</span> <span class='ocrx_word' id='word_1_59' title='bbox 682 1269 777 1334; x_wconf 82' lang='lat' dir='ltr'>Ia&#39;ber</span> <span class='ocrx_word' id='word_1_60' title='bbox 792 1269 917 1334; x_wconf 80' lang='lat' dir='ltr'>Sedutii</span> <span class='ocrx_word' id='word_1_61' title='bbox 934 1271 1093 1352; x_wconf 65' lang='lat' dir='ltr'>prosatum</span> <span class='ocrx_word' id='word_1_62' title='bbox 1114 1270 1320 1341; x_wconf 87' lang='lat' dir='ltr'>bibliothecae</span> 
     </span>
     <span class='ocr_line' id='line_1_9' title="bbox 188 1371 1319 1456; baseline -0.004 -16"><span class='ocrx_word' id='word_1_63' title='bbox 188 1374 402 1441; x_wconf 70' lang='lat' dir='ltr'>cluniacensis</span> <span class='ocrx_word' id='word_1_64' title='bbox 428 1372 464 1456; x_wconf 87' lang='lat' dir='ltr'>(s.</span> <span class='ocrx_word' id='word_1_65' title='bbox 485 1373 548 1438; x_wconf 86' lang='grc' dir='ltr'>ΧΠ</span> <span class='ocrx_word' id='word_1_66' title='bbox 564 1375 595 1437; x_wconf 90' lang='lat' dir='ltr'>et</span> <span class='ocrx_word' id='word_1_67' title='bbox 609 1372 719 1452; x_wconf 87' lang='lat' dir='ltr'>XIII):</span> <span class='ocrx_word' id='word_1_68' title='bbox 743 1373 808 1439; x_wconf 82' lang='lat'>530</span> <span class='ocrx_word' id='word_1_69' title='bbox 830 1371 981 1437; x_wconf 76' lang='lat' dir='ltr'>Velamen</span> <span class='ocrx_word' id='word_1_70' title='bbox 1004 1373 1039 1438; x_wconf 92' lang='lat' dir='ltr'>in</span> <span class='ocrx_word' id='word_1_71' title='bbox 1062 1393 1120 1454; x_wconf 90' lang='lat' dir='ltr'>quo</span> <span class='ocrx_word' id='word_1_72' title='bbox 1143 1373 1319 1437; x_wconf 87' lang='lat' dir='ltr'>continetur</span> 
     </span>
     <span class='ocr_line' id='line_1_10' title="bbox 189 1475 1319 1558; baseline -0.005 -14"><span class='ocrx_word' id='word_1_73' title='bbox 189 1477 340 1544; x_wconf 78' lang='lat' dir='ltr'>Scdutim</span> <span class='ocrx_word' id='word_1_74' title='bbox 355 1477 481 1541; x_wconf 87' lang='lat' dir='ltr'>metrice</span> <span class='ocrx_word' id='word_1_75' title='bbox 497 1480 526 1539; x_wconf 91' lang='lat' dir='ltr'>et</span> <span class='ocrx_word' id='word_1_76' title='bbox 540 1477 693 1557; x_wconf 87' lang='lat' dir='ltr'>prosaice,</span> <span class='ocrx_word' id='word_1_77' title='bbox 717 1476 876 1556; x_wconf 77' lang='lat' dir='ltr'>quoddam</span> <span class='ocrx_word' id='word_1_78' title='bbox 890 1475 1069 1558; x_wconf 87' lang='lat' dir='ltr'>eliqiurum,</span> <span class='ocrx_word' id='word_1_79' title='bbox 1086 1495 1165 1558; x_wconf 89' lang='lat' dir='ltr'>opus</span> <span class='ocrx_word' id='word_1_80' title='bbox 1184 1475 1319 1541; x_wconf 87' lang='lat' dir='ltr'>Victoris</span> 
     </span>
     <span class='ocr_line' id='line_1_11' title="bbox 188 1578 1319 1662; baseline -0.006 -14"><span class='ocrx_word' id='word_1_81' title='bbox 188 1583 226 1648; x_wconf 83' lang='lat' dir='ltr'>dc</span> <span class='ocrx_word' id='word_1_82' title='bbox 244 1582 411 1649; x_wconf 87' lang='lat' dir='ltr'>concordia</span> <span class='ocrx_word' id='word_1_83' title='bbox 427 1581 676 1662; x_wconf 88' lang='lat' dir='ltr'>discrepantium</span> <span class='ocrx_word' id='word_1_84' title='bbox 691 1580 917 1644; x_wconf 87' lang='lat' dir='ltr'>sententiarum</span> <span class='ocrx_word' id='word_1_85' title='bbox 939 1580 977 1643; x_wconf 89' lang='lat' dir='ltr'>in</span> <span class='ocrx_word' id='word_1_86' title='bbox 998 1584 1144 1662; x_wconf 89' lang='lat' dir='ltr'>compoto,</span> <span class='ocrx_word' id='word_1_87' title='bbox 1168 1578 1319 1660; x_wconf 75' lang='lat' dir='ltr'>expositio</span> 
     </span>
     <span class='ocr_line' id='line_1_12' title="bbox 187 1681 1317 1767; baseline -0.005 -17"><span class='ocrx_word' id='word_1_88' title='bbox 187 1685 294 1750; x_wconf 88' lang='lat' dir='ltr'>suncti</span> <span class='ocrx_word' id='word_1_89' title='bbox 321 1683 500 1767; x_wconf 82' lang='lat' dir='ltr'>Auqustini</span> <span class='ocrx_word' id='word_1_90' title='bbox 528 1683 565 1748; x_wconf 88' lang='lat' dir='ltr'>de</span> <span class='ocrx_word' id='word_1_91' title='bbox 593 1682 803 1749; x_wconf 86' lang='lat' dir='ltr'>tabernaculo.</span> <span class='ocrx_word' id='word_1_92' title='bbox 841 1682 925 1746; x_wconf 83' lang='lat' dir='ltr'>Tulli</span> <span class='ocrx_word' id='word_1_93' title='bbox 953 1683 1125 1748; x_wconf 86' lang='lat' dir='ltr'>Leucorum</span> <span class='ocrx_word' id='word_1_94' title='bbox 1152 1701 1175 1748; x_wconf 90' lang='lat' dir='ltr'>s.</span> <span class='ocrx_word' id='word_1_95' title='bbox 1199 1681 1255 1747; x_wconf 88' lang='lat' dir='ltr'>XI.</span> <span class='ocrx_word' id='word_1_96' title='bbox 1285 1681 1317 1745; x_wconf 93' lang='lat' dir='ltr'>in</span> 
     </span>
     <span class='ocr_line' id='line_1_13' title="bbox 189 1785 1317 1871; baseline -0.005 -18"><span class='ocrx_word' id='word_1_97' title='bbox 189 1789 324 1854; x_wconf 88' lang='lat' dir='ltr'>armario</span> <span class='ocrx_word' id='word_1_98' title='bbox 340 1787 446 1853; x_wconf 85' lang='lat' dir='ltr'>Sancti</span> <span class='ocrx_word' id='word_1_99' title='bbox 462 1788 541 1871; x_wconf 82' lang='lat' dir='ltr'>Apri</span> <span class='ocrx_word' id='word_1_100' title='bbox 556 1788 634 1852; x_wconf 89' lang='lat' dir='ltr'>fuit:</span> <span class='ocrx_word' id='word_1_101' title='bbox 659 1787 811 1853; x_wconf 78' lang='lat' dir='ltr'>Sedulius</span> <span class='ocrx_word' id='word_1_102' title='bbox 831 1789 998 1869; x_wconf 87' lang='lat' dir='ltr'>prosaicus</span> <span class='ocrx_word' id='word_1_103' title='bbox 1015 1787 1072 1852; x_wconf 88' lang='lat' dir='ltr'>aot.</span> <span class='ocrx_word' id='word_1_104' title='bbox 1089 1787 1110 1850; x_wconf 88' lang='lat'><em>1</em></span> <span class='ocrx_word' id='word_1_105' title='bbox 1136 1785 1187 1868; x_wconf 86' lang='lat' dir='ltr'>(ci.</span> <span class='ocrx_word' id='word_1_106' title='bbox 1204 1786 1317 1863; x_wconf 89' lang='lat' dir='ltr'>Docen,</span> 
     </span>
     <span class='ocr_line' id='line_1_14' title="bbox 188 1887 1315 1973; baseline -0.005 -17"><span class='ocrx_word' id='word_1_107' title='bbox 188 1891 298 1956; x_wconf 87' lang='lat' dir='ltr'>Neuer</span> <span class='ocrx_word' id='word_1_108' title='bbox 330 1890 391 1956; x_wconf 90' lang='lat' dir='ltr'>titt.</span> <span class='ocrx_word' id='word_1_109' title='bbox 425 1891 507 1955; x_wconf 81' lang='lat' dir='ltr'>Anu.</span> <span class='ocrx_word' id='word_1_110' title='bbox 545 1892 626 1956; x_wconf 81' lang='grc'><strong>1807</strong></span> <span class='ocrx_word' id='word_1_111' title='bbox 660 1912 689 1973; x_wconf 95' lang='lat' dir='ltr'>p.</span> <span class='ocrx_word' id='word_1_112' title='bbox 713 1893 777 1971; x_wconf 86' lang='grc'>66).</span> <span class='ocrx_word' id='word_1_113' title='bbox 822 1892 909 1956; x_wconf 90' lang='lat' dir='ltr'>Inter</span> <span class='ocrx_word' id='word_1_114' title='bbox 941 1892 1047 1964; x_wconf 92' lang='lat' dir='ltr'>libros,</span> <span class='ocrx_word' id='word_1_115' title='bbox 1083 1907 1159 1973; x_wconf 89' lang='lat' dir='ltr'>quos</span> <span class='ocrx_word' id='word_1_116' title='bbox 1192 1887 1315 1952; x_wconf 84' lang='lat' dir='ltr'>Medul-</span> 
     </span>
     <span class='ocr_line' id='line_1_15' title="bbox 188 1992 1316 2068; baseline -0.006 -8"><span class='ocrx_word' id='word_1_117' title='bbox 188 1996 288 2060; x_wconf 83' lang='lat' dir='ltr'>winus</span> <span class='ocrx_word' id='word_1_118' title='bbox 318 1994 464 2059; x_wconf 88' lang='lat' dir='ltr'>ecclesiae</span> <span class='ocrx_word' id='word_1_119' title='bbox 487 1993 668 2059; x_wconf 85' lang='lat' dir='ltr'>Pataviensi</span> <span class='ocrx_word' id='word_1_120' title='bbox 691 2013 719 2059; x_wconf 89' lang='lat' dir='ltr'>a.</span> <span class='ocrx_word' id='word_1_121' title='bbox 742 1995 805 2059; x_wconf 87' lang='lat'>903</span> <span class='ocrx_word' id='word_1_122' title='bbox 829 1995 907 2060; x_wconf 90' lang='lat' dir='ltr'>dono</span> <span class='ocrx_word' id='word_1_123' title='bbox 935 1995 1071 2068; x_wconf 84' lang='lat' dir='ltr'>dederat,</span> <span class='ocrx_word' id='word_1_124' title='bbox 1101 1992 1162 2056; x_wconf 87' lang='lat' dir='ltr'>luit</span> <span class='ocrx_word' id='word_1_125' title='bbox 1191 2009 1316 2057; x_wconf 86' lang='lat' dir='ltr'>carmen</span> 
     </span>
     <span class='ocr_line' id='line_1_16' title="bbox 188 2096 1316 2179; baseline -0.006 -16"><span class='ocrx_word' id='word_1_126' title='bbox 188 2097 335 2179; x_wconf 88' lang='lat' dir='ltr'>paschale</span> <span class='ocrx_word' id='word_1_127' title='bbox 359 2096 478 2162; x_wconf 89' lang='lat' dir='ltr'>Sedulii</span> <span class='ocrx_word' id='word_1_128' title='bbox 509 2099 540 2161; x_wconf 90' lang='lat' dir='ltr'>in</span> <span class='ocrx_word' id='word_1_129' title='bbox 571 2101 662 2162; x_wconf 91' lang='lat' dir='ltr'>uetus</span> <span class='ocrx_word' id='word_1_130' title='bbox 691 2099 724 2162; x_wconf 88' lang='lat' dir='ltr'>et</span> <span class='ocrx_word' id='word_1_131' title='bbox 745 2116 861 2163; x_wconf 91' lang='lat' dir='ltr'>nouum</span> <span class='ocrx_word' id='word_1_132' title='bbox 884 2099 1108 2161; x_wconf 88' lang='lat' dir='ltr'>testamentum</span> <span class='ocrx_word' id='word_1_133' title='bbox 1132 2112 1204 2159; x_wconf 92' lang='lat' dir='ltr'>oum</span> <span class='ocrx_word' id='word_1_134' title='bbox 1226 2110 1316 2175; x_wconf 87' lang='lat' dir='ltr'>prosa</span> 
     </span>
     <span class='ocr_line' id='line_1_17' title="bbox 188 2193 1314 2283; baseline -0.004 -19"><span class='ocrx_word' id='word_1_135' title='bbox 188 2200 288 2282; x_wconf 89' lang='lat' dir='ltr'>ipsius</span> <span class='ocrx_word' id='word_1_136' title='bbox 312 2199 366 2283; x_wconf 89' lang='lat' dir='ltr'>(cf.</span> <span class='ocrx_word' id='word_1_137' title='bbox 388 2201 427 2264; x_wconf 82' lang='lat' dir='ltr'>A.</span> <span class='ocrx_word' id='word_1_138' title='bbox 451 2198 577 2283; x_wconf 82' lang='lat' dir='ltr'>Ozerny,</span> <span class='ocrx_word' id='word_1_139' title='bbox 600 2198 664 2264; x_wconf 88' lang='lat' dir='ltr'>Die</span> <span class='ocrx_word' id='word_1_140' title='bbox 686 2199 868 2264; x_wconf 85' lang='lat' dir='ltr'>Bibliotbeir</span> <span class='ocrx_word' id='word_1_141' title='bbox 890 2199 943 2263; x_wconf 87' lang='lat' dir='ltr'>des</span> <span class='ocrx_word' id='word_1_142' title='bbox 963 2195 1244 2276; x_wconf 81' lang='lat' dir='ltr'>Oborlrerrnstiftes</span> <span class='ocrx_word' id='word_1_143' title='bbox 1267 2193 1314 2260; x_wconf 78' lang='lat' dir='ltr'>St.</span> 
     </span>
    </p>
   </div>
   <div class='ocr_carea' id='block_1_3' title="bbox 190 2301 535 2385">
    <p class='ocr_par' dir='ltr' id='par_1_3' title="bbox 190 2301 535 2385">
     <span class='ocr_line' id='line_1_18' title="bbox 190 2301 535 2385; baseline 0.003 -19"><span class='ocrx_word' id='word_1_144' title='bbox 190 2301 332 2367; x_wconf 70' lang='lat' dir='ltr'>Florian</span> <span class='ocrx_word' id='word_1_145' title='bbox 353 2323 383 2385; x_wconf 96' lang='lat' dir='ltr'>p.</span> <span class='ocrx_word' id='word_1_146' title='bbox 408 2304 483 2384; x_wconf 80' lang='lat'>233)</span> <span class='ocrx_word' id='word_1_147' title='bbox 512 2307 535 2384; x_wconf 91' lang='lat'>).</span> 
     </span>
    </p>
   </div>
   <div class='ocr_carea' id='block_1_4' title="bbox 189 2436 1313 2626">
    <p class='ocr_par' dir='ltr' id='par_1_4' title="bbox 189 2436 1313 2626">
     <span class='ocr_line' id='line_1_19' title="bbox 231 2436 1312 2518; baseline -0.006 -14"><span class='ocrx_word' id='word_1_148' title='bbox 231 2439 396 2506; x_wconf 79' lang='lat' dir='ltr'>(lodicibus</span> <span class='ocrx_word' id='word_1_149' title='bbox 422 2441 450 2506; x_wconf 90' lang='lat' dir='ltr'><strong>R</strong></span> <span class='ocrx_word' id='word_1_150' title='bbox 473 2442 505 2505; x_wconf 89' lang='lat' dir='ltr'>et</span> <span class='ocrx_word' id='word_1_151' title='bbox 527 2443 558 2506; x_wconf 90' lang='lat' dir='ltr'><strong>H</strong></span> <span class='ocrx_word' id='word_1_152' title='bbox 588 2444 660 2506; x_wconf 89' lang='lat' dir='ltr'>ante</span> <span class='ocrx_word' id='word_1_153' title='bbox 690 2460 740 2505; x_wconf 93' lang='lat' dir='ltr'>me</span> <span class='ocrx_word' id='word_1_154' title='bbox 769 2442 832 2506; x_wconf 91' lang='lat' dir='ltr'>iam</span> <span class='ocrx_word' id='word_1_155' title='bbox 861 2458 934 2505; x_wconf 92' lang='lat' dir='ltr'>usus</span> <span class='ocrx_word' id='word_1_156' title='bbox 961 2439 1028 2503; x_wconf 85' lang='lat' dir='ltr'>eret</span> <span class='ocrx_word' id='word_1_157' title='bbox 1058 2439 1093 2502; x_wconf 80' lang='lat' dir='ltr'>E.</span> <span class='ocrx_word' id='word_1_158' title='bbox 1122 2436 1312 2518; x_wconf 83' lang='lat' dir='ltr'>Ludwigius,</span> 
     </span>
     <span class='ocr_line' id='line_1_20' title="bbox 189 2539 1313 2626; baseline -0.007 -17"><span class='ocrx_word' id='word_1_159' title='bbox 189 2545 242 2625; x_wconf 90' lang='lat' dir='ltr'>qui</span> <span class='ocrx_word' id='word_1_160' title='bbox 265 2562 293 2610; x_wconf 90' lang='lat' dir='ltr'>a.</span> <span class='ocrx_word' id='word_1_161' title='bbox 319 2544 402 2610; x_wconf 88' lang='lat'>1880</span> <span class='ocrx_word' id='word_1_162' title='bbox 424 2545 579 2626; x_wconf 88' lang='lat' dir='ltr'>paschalis</span> <span class='ocrx_word' id='word_1_163' title='bbox 602 2544 700 2626; x_wconf 87' lang='lat' dir='ltr'>operis</span> <span class='ocrx_word' id='word_1_164' title='bbox 723 2544 842 2609; x_wconf 91' lang='lat' dir='ltr'>librum</span> <span class='ocrx_word' id='word_1_165' title='bbox 858 2543 1004 2625; x_wconf 92' lang='lat' dir='ltr'>quintum</span> <span class='ocrx_word' id='word_1_166' title='bbox 1020 2542 1120 2606; x_wconf 87' lang='lat' dir='ltr'>multa</span> <span class='ocrx_word' id='word_1_167' title='bbox 1136 2557 1207 2603; x_wconf 91' lang='lat' dir='ltr'>cum</span> <span class='ocrx_word' id='word_1_168' title='bbox 1222 2539 1313 2602; x_wconf 85' lang='lat' dir='ltr'>laude</span> 
     </span>
    </p>
   </div>
   <div class='ocr_carea' id='block_1_5' title="bbox 187 2646 296 2712">
    <p class='ocr_par' dir='ltr' id='par_1_5' title="bbox 187 2646 296 2712">
     <span class='ocr_line' id='line_1_21' title="bbox 187 2646 296 2712; baseline -0.009 -1"><span class='ocrx_word' id='word_1_169' title='bbox 187 2646 296 2712; x_wconf 84' lang='lat' dir='ltr'>edidit.</span> 
     </span>
    </p>
   </div>
   <div class='ocr_carea' id='block_1_6' title="bbox 187 2780 1314 3480">
    <p class='ocr_par' dir='ltr' id='par_1_6' title="bbox 187 2780 1314 3480">
     <span class='ocr_line' id='line_1_22' title="bbox 228 2780 1314 2867; baseline -0.003 -20"><span class='ocrx_word' id='word_1_170' title='bbox 228 2783 344 2848; x_wconf 89' lang='lat' dir='ltr'>Prosae</span> <span class='ocrx_word' id='word_1_171' title='bbox 375 2784 493 2849; x_wconf 87' lang='lat' dir='ltr'>codices</span> <span class='ocrx_word' id='word_1_172' title='bbox 522 2786 674 2867; x_wconf 88' lang='lat' dir='ltr'>quotquot</span> <span class='ocrx_word' id='word_1_173' title='bbox 702 2787 826 2849; x_wconf 83' lang='lat' dir='ltr'>exstant</span> <span class='ocrx_word' id='word_1_174' title='bbox 855 2785 886 2848; x_wconf 94' lang='lat' dir='ltr'>in</span> <span class='ocrx_word' id='word_1_175' title='bbox 910 2784 985 2848; x_wconf 91' lang='lat' dir='ltr'>duos</span> <span class='ocrx_word' id='word_1_176' title='bbox 1008 2784 1128 2847; x_wconf 84' lang='lat' dir='ltr'>ordines</span> <span class='ocrx_word' id='word_1_177' title='bbox 1152 2780 1314 2845; x_wconf 89' lang='lat' dir='ltr'>discedunt</span> 
     </span>
     <span class='ocr_line' id='line_1_23' title="bbox 188 2883 1312 2969; baseline -0.001 -21"><span class='ocrx_word' id='word_1_178' title='bbox 188 2887 375 2951; x_wconf 88' lang='lat' dir='ltr'>auctoritate</span> <span class='ocrx_word' id='word_1_179' title='bbox 399 2889 534 2952; x_wconf 89' lang='lat' dir='ltr'>multum</span> <span class='ocrx_word' id='word_1_180' title='bbox 558 2887 778 2969; x_wconf 84' lang='lat' dir='ltr'>discrepantes,</span> <span class='ocrx_word' id='word_1_181' title='bbox 802 2904 932 2969; x_wconf 91' lang='lat' dir='ltr'>quorum</span> <span class='ocrx_word' id='word_1_182' title='bbox 955 2905 1034 2949; x_wconf 88' lang='lat' dir='ltr'>unus</span> <span class='ocrx_word' id='word_1_183' title='bbox 1059 2883 1217 2950; x_wconf 89' lang='lat' dir='ltr'>codicibus</span> <span class='ocrx_word' id='word_1_184' title='bbox 1240 2883 1312 2959; x_wconf 84' lang='lat' dir='ltr'>PR,</span> 
     </span>
     <span class='ocr_line' id='line_1_24' title="bbox 188 2987 1314 3075; baseline -0.004 -24"><span class='ocrx_word' id='word_1_185' title='bbox 188 2987 268 3052; x_wconf 90' lang='lat' dir='ltr'>alter</span> <span class='ocrx_word' id='word_1_186' title='bbox 290 2989 380 3053; x_wconf 93' lang='grc' dir='ltr'>ΗΒΙ</span> <span class='ocrx_word' id='word_1_187' title='bbox 401 2989 491 3054; x_wconf 90' lang='lat' dir='ltr'>libris</span> <span class='ocrx_word' id='word_1_188' title='bbox 515 2989 648 3054; x_wconf 84' lang='lat' dir='ltr'>efficitur</span> <span class='ocrx_word' id='word_1_189' title='bbox 673 2991 909 3075; x_wconf 77' lang='lat' dir='ltr'>(fragmentoii</span> <span class='ocrx_word' id='word_1_190' title='bbox 932 2990 1042 3070; x_wconf 85' lang='lat' dir='ltr'>exiguo</span> <span class='ocrx_word' id='word_1_191' title='bbox 1059 2989 1091 3052; x_wconf 94' lang='lat' dir='ltr'>in</span> <span class='ocrx_word' id='word_1_192' title='bbox 1107 3005 1236 3051; x_wconf 83' lang='lat' dir='ltr'>eramen</span> <span class='ocrx_word' id='word_1_193' title='bbox 1251 3002 1314 3049; x_wconf 90' lang='lat' dir='ltr'>uon</span> 
     </span>
     <span class='ocr_line' id='line_1_25' title="bbox 187 3088 1312 3174; baseline -0.001 -21"><span class='ocrx_word' id='word_1_194' title='bbox 187 3091 323 3174; x_wconf 83' lang='lat' dir='ltr'>uocato).</span> <span class='ocrx_word' id='word_1_195' title='bbox 358 3090 516 3169; x_wconf 81' lang='lat' dir='ltr'>Quantum</span> <span class='ocrx_word' id='word_1_196' title='bbox 545 3112 618 3157; x_wconf 91' lang='lat' dir='ltr'>uero</span> <span class='ocrx_word' id='word_1_197' title='bbox 641 3094 762 3158; x_wconf 89' lang='lat' dir='ltr'>codices</span> <span class='ocrx_word' id='word_1_198' title='bbox 785 3093 877 3156; x_wconf 88' lang='lat' dir='ltr'>unius</span> <span class='ocrx_word' id='word_1_199' title='bbox 899 3092 1017 3156; x_wconf 90' lang='lat' dir='ltr'>ordinis</span> <span class='ocrx_word' id='word_1_200' title='bbox 1039 3091 1078 3155; x_wconf 90' lang='lat' dir='ltr'>ab</span> <span class='ocrx_word' id='word_1_201' title='bbox 1103 3092 1200 3155; x_wconf 88' lang='lat' dir='ltr'>altero</span> <span class='ocrx_word' id='word_1_202' title='bbox 1223 3088 1312 3153; x_wconf 84' lang='lat' dir='ltr'>diffe-</span> 
     </span>
     <span class='ocr_line' id='line_1_26' title="bbox 189 3190 1313 3276; baseline -0.002 -20"><span class='ocrx_word' id='word_1_203' title='bbox 189 3195 271 3270; x_wconf 84' lang='lat' dir='ltr'>rant,</span> <span class='ocrx_word' id='word_1_204' title='bbox 295 3211 365 3258; x_wconf 89' lang='lat' dir='ltr'>cum</span> <span class='ocrx_word' id='word_1_205' title='bbox 388 3195 596 3276; x_wconf 90' lang='lat' dir='ltr'>capitulorum</span> <span class='ocrx_word' id='word_1_206' title='bbox 620 3195 827 3276; x_wconf 88' lang='lat' dir='ltr'>discrepantia</span> <span class='ocrx_word' id='word_1_207' title='bbox 845 3195 876 3259; x_wconf 91' lang='lat' dir='ltr'>et</span> <span class='ocrx_word' id='word_1_208' title='bbox 892 3196 1030 3275; x_wconf 87' lang='lat' dir='ltr'>capitum</span> <span class='ocrx_word' id='word_1_209' title='bbox 1045 3194 1152 3257; x_wconf 89' lang='lat' dir='ltr'>ordine</span> <span class='ocrx_word' id='word_1_210' title='bbox 1170 3190 1223 3276; x_wconf 84' lang='lat' dir='ltr'>(af.</span> <span class='ocrx_word' id='word_1_211' title='bbox 1239 3190 1313 3256; x_wconf 92' lang='lat' dir='ltr'>libri</span> 
     </span>
     <span class='ocr_line' id='line_1_27' title="bbox 188 3294 1314 3380; baseline -0.001 -21"><span class='ocrx_word' id='word_1_212' title='bbox 188 3294 217 3358; x_wconf 86' lang='lat' dir='ltr'>V</span> <span class='ocrx_word' id='word_1_213' title='bbox 240 3313 307 3377; x_wconf 89' lang='lat' dir='ltr'>cap.</span> <span class='ocrx_word' id='word_1_214' title='bbox 323 3296 353 3372; x_wconf 79' lang='grc'>2,</span> <span class='ocrx_word' id='word_1_215' title='bbox 377 3297 406 3375; x_wconf 90' lang='lat'>3,</span> <span class='ocrx_word' id='word_1_216' title='bbox 430 3298 451 3361; x_wconf 90' lang='lat'>4</span> <span class='ocrx_word' id='word_1_217' title='bbox 473 3316 503 3379; x_wconf 89' lang='lat' dir='ltr'>p.</span> <span class='ocrx_word' id='word_1_218' title='bbox 520 3299 593 3377; x_wconf 79' lang='lat'>233,</span> <span class='ocrx_word' id='word_1_219' title='bbox 618 3299 689 3373; x_wconf 81' lang='lat'>234,</span> <span class='ocrx_word' id='word_1_220' title='bbox 716 3300 787 3380; x_wconf 78' lang='lat'>193)</span> <span class='ocrx_word' id='word_1_221' title='bbox 813 3302 881 3362; x_wconf 90' lang='lat' dir='ltr'>tum</span> <span class='ocrx_word' id='word_1_222' title='bbox 902 3317 937 3362; x_wconf 85' lang='lat' dir='ltr'>ex</span> <span class='ocrx_word' id='word_1_223' title='bbox 960 3297 1142 3362; x_wconf 88' lang='lat' dir='ltr'>lectionibus</span> <span class='ocrx_word' id='word_1_224' title='bbox 1165 3295 1314 3380; x_wconf 90' lang='lat' dir='ltr'>perspici-</span> 
     </span>
     <span class='ocr_line' id='line_1_28' title="bbox 187 3398 811 3480; baseline 0.006 -19"><span class='ocrx_word' id='word_1_225' title='bbox 187 3401 242 3463; x_wconf 91' lang='lat' dir='ltr'>tur</span> <span class='ocrx_word' id='word_1_226' title='bbox 265 3398 315 3461; x_wconf 93' lang='lat' dir='ltr'>his</span> <span class='ocrx_word' id='word_1_227' title='bbox 338 3399 480 3480; x_wconf 87' lang='lat' dir='ltr'>inprimis</span> <span class='ocrx_word' id='word_1_228' title='bbox 503 3401 585 3465; x_wconf 90' lang='lat' dir='ltr'>inter</span> <span class='ocrx_word' id='word_1_229' title='bbox 608 3420 641 3465; x_wconf 91' lang='lat' dir='ltr'>se</span> <span class='ocrx_word' id='word_1_230' title='bbox 664 3402 811 3467; x_wconf 90' lang='lat' dir='ltr'>conlatis:</span> 
     </span>
    </p>
   </div>
   <div class='ocr_carea' id='block_1_7' title="bbox 185 3569 392 3582">
    <p class='ocr_par' dir='ltr' id='par_1_7' title="bbox 185 3569 392 3582">
     <span class='ocr_line' id='line_1_29' title="bbox 185 3569 392 3582; baseline 0.005 -4"><span class='ocrx_word' id='word_1_231' title='bbox 185 3569 392 3582; x_wconf 79' lang='lat'>--—.-—.</span> 
     </span>
    </p>
   </div>
   <div class='ocr_carea' id='block_1_8' title="bbox 180 3673 1314 4343">
    <p class='ocr_par' dir='ltr' id='par_1_8' title="bbox 180 3673 1314 4343">
     <span class='ocr_line' id='line_1_30' title="bbox 291 3673 1313 3746; baseline 0.005 -20"><span class='ocrx_word' id='word_1_232' title='bbox 291 3674 308 3740; x_wconf 88' lang='lat'>¹)</span> <span class='ocrx_word' id='word_1_233' title='bbox 327 3673 442 3742; x_wconf 86' lang='lat' dir='ltr'>Legitur</span> <span class='ocrx_word' id='word_1_234' title='bbox 467 3679 605 3742; x_wconf 87' lang='lat' dir='ltr'>praeterea</span> <span class='ocrx_word' id='word_1_235' title='bbox 632 3674 660 3728; x_wconf 92' lang='lat' dir='ltr'>in</span> <span class='ocrx_word' id='word_1_236' title='bbox 678 3675 779 3730; x_wconf 91' lang='lat' dir='ltr'>Labbei</span> <span class='ocrx_word' id='word_1_237' title='bbox 802 3676 965 3731; x_wconf 89' lang='lat' dir='ltr'>bibliotheca</span> <span class='ocrx_word' id='word_1_238' title='bbox 987 3694 1056 3732; x_wconf 92' lang='lat' dir='ltr'>noua</span> <span class='ocrx_word' id='word_1_239' title='bbox 1079 3695 1104 3746; x_wconf 92' lang='lat' dir='ltr'>p.</span> <span class='ocrx_word' id='word_1_240' title='bbox 1128 3678 1161 3731; x_wconf 82' lang='lat'>23</span> <span class='ocrx_word' id='word_1_241' title='bbox 1187 3676 1313 3731; x_wconf 78' lang='lat' dir='ltr'>Vidimus</span> 
     </span>
     <span class='ocr_line' id='line_1_31' title="bbox 187 3759 1314 3832; baseline 0.004 -21"><span class='ocrx_word' id='word_1_242' title='bbox 187 3772 294 3826; x_wconf 83' lang='lat' dir='ltr'>quoque</span> <span class='ocrx_word' id='word_1_243' title='bbox 312 3759 431 3812; x_wconf 88' lang='lat' dir='ltr'>eiusdem</span> <span class='ocrx_word' id='word_1_244' title='bbox 450 3762 496 3828; x_wconf 90' lang='lat' dir='ltr'>(sc.</span> <span class='ocrx_word' id='word_1_245' title='bbox 516 3760 622 3814; x_wconf 81' lang='lat' dir='ltr'>Sedutii</span> <span class='ocrx_word' id='word_1_246' title='bbox 638 3762 708 3829; x_wconf 87' lang='lat' dir='ltr'>iun.)</span> <span class='ocrx_word' id='word_1_247' title='bbox 726 3778 773 3816; x_wconf 90' lang='lat' dir='ltr'>seu</span> <span class='ocrx_word' id='word_1_248' title='bbox 786 3763 883 3830; x_wconf 88' lang='lat' dir='ltr'>potius</span> <span class='ocrx_word' id='word_1_249' title='bbox 896 3765 1061 3832; x_wconf 80' lang='lat' dir='ltr'>antiquioris</span> <span class='ocrx_word' id='word_1_250' title='bbox 1074 3765 1213 3831; x_wconf 77' lang='lat' dir='ltr'>exemplar</span> <span class='ocrx_word' id='word_1_251' title='bbox 1225 3764 1314 3830; x_wconf 85' lang='lat' dir='ltr'>operis</span> 
     </span>
     <span class='ocr_line' id='line_1_32' title="bbox 184 3845 1312 3916; baseline 0.004 -19"><span class='ocrx_word' id='word_1_252' title='bbox 184 3845 325 3911; x_wconf 77' lang='lat' dir='ltr'>pacantis</span> <span class='ocrx_word' id='word_1_253' title='bbox 357 3846 563 3913; x_wconf 88' lang='lat' dir='ltr'>quatuordecim</span> <span class='ocrx_word' id='word_1_254' title='bbox 590 3847 733 3914; x_wconf 83' lang='lat' dir='ltr'>prioribus</span> <span class='ocrx_word' id='word_1_255' title='bbox 762 3849 897 3916; x_wconf 82' lang='lat' dir='ltr'>capitibus</span> <span class='ocrx_word' id='word_1_256' title='bbox 922 3850 1005 3903; x_wconf 87' lang='lat' dir='ltr'>initio</span> <span class='ocrx_word' id='word_1_257' title='bbox 1030 3849 1156 3903; x_wconf 86' lang='lat' dir='ltr'>mutilum</span> <span class='ocrx_word' id='word_1_258' title='bbox 1179 3849 1209 3902; x_wconf 89' lang='lat' dir='ltr'>in</span> <span class='ocrx_word' id='word_1_259' title='bbox 1234 3848 1312 3902; x_wconf 86' lang='lat' dir='ltr'>cuius</span> 
     </span>
     <span class='ocr_line' id='line_1_33' title="bbox 186 3928 1312 3999; baseline 0.005 -17"><span class='ocrx_word' id='word_1_260' title='bbox 186 3928 244 3994; x_wconf 69' lang='lat' dir='ltr'>fine</span> <span class='ocrx_word' id='word_1_261' title='bbox 262 3935 342 3984; x_wconf 83' lang='lat' dir='ltr'>cram</span> <span class='ocrx_word' id='word_1_262' title='bbox 360 3931 502 3999; x_wconf 86' lang='lat' dir='ltr'>adscripta</span> <span class='ocrx_word' id='word_1_263' title='bbox 519 3932 581 3986; x_wconf 89' lang='lat' dir='ltr'>Hoc</span> <span class='ocrx_word' id='word_1_264' title='bbox 599 3948 668 3999; x_wconf 86' lang='lat' dir='ltr'>opus</span> <span class='ocrx_word' id='word_1_265' title='bbox 685 3939 733 3987; x_wconf 89' lang='lat' dir='ltr'>etc.</span> <span class='ocrx_word' id='word_1_266' title='bbox 751 3963 784 3972; x_wconf 94' lang='lat'>-</span> <span class='ocrx_word' id='word_1_267' title='bbox 803 3933 885 3987; x_wconf 82' lang='lat' dir='ltr'>Surae</span> <span class='ocrx_word' id='word_1_268' title='bbox 903 3950 980 3988; x_wconf 87' lang='lat' dir='ltr'>sacer</span> <span class='ocrx_word' id='word_1_269' title='bbox 997 3935 1100 3988; x_wconf 87' lang='lat' dir='ltr'>meritis</span> <span class='ocrx_word' id='word_1_270' title='bbox 1118 3939 1165 3988; x_wconf 88' lang='lat' dir='ltr'>etc.</span> <span class='ocrx_word' id='word_1_271' title='bbox 1185 3963 1213 3974; x_wconf 90' lang='lat'>-·</span> <span class='ocrx_word' id='word_1_272' title='bbox 1233 3934 1312 3988; x_wconf 88' lang='lat' dir='ltr'>Haec</span> 
     </span>
     <span class='ocr_line' id='line_1_34' title="bbox 183 4013 1309 4088; baseline 0.005 -21"><span class='ocrx_word' id='word_1_273' title='bbox 183 4013 291 4081; x_wconf 80' lang='lat' dir='ltr'>placuit</span> <span class='ocrx_word' id='word_1_274' title='bbox 321 4016 480 4080; x_wconf 85' lang='lat' dir='ltr'>adscribere,</span> <span class='ocrx_word' id='word_1_275' title='bbox 516 4019 588 4086; x_wconf 89' lang='lat' dir='ltr'>quod</span> <span class='ocrx_word' id='word_1_276' title='bbox 623 4018 826 4088; x_wconf 81' lang='lat' dir='ltr'>dilipentissimi</span> <span class='ocrx_word' id='word_1_277' title='bbox 860 4020 1006 4074; x_wconf 85' lang='lat' dir='ltr'>Francisci</span> <span class='ocrx_word' id='word_1_278' title='bbox 1040 4020 1130 4073; x_wconf 82' lang='lat' dir='ltr'>lureti</span> <span class='ocrx_word' id='word_1_279' title='bbox 1161 4020 1309 4073; x_wconf 86' lang='lat' dir='ltr'>sollertiam</span> 
     </span>
     <span class='ocr_line' id='line_1_35' title="bbox 184 4098 1312 4170; baseline 0.004 -17"><span class='ocrx_word' id='word_1_280' title='bbox 184 4098 319 4170; x_wconf 72' lang='lat' dir='ltr'>superiori.</span> <span class='ocrx_word' id='word_1_281' title='bbox 349 4101 510 4170; x_wconf 81' lang='lat' dir='ltr'>Sequuntur</span> <span class='ocrx_word' id='word_1_282' title='bbox 535 4105 566 4156; x_wconf 91' lang='lat' dir='ltr'>iu</span> <span class='ocrx_word' id='word_1_283' title='bbox 593 4103 684 4157; x_wconf 88' lang='lat' dir='ltr'>eodem</span> <span class='ocrx_word' id='word_1_284' title='bbox 707 4105 799 4160; x_wconf 88' lang='lat' dir='ltr'>codice</span> <span class='ocrx_word' id='word_1_285' title='bbox 822 4106 884 4159; x_wconf 89' lang='lat' dir='ltr'>laus</span> <span class='ocrx_word' id='word_1_286' title='bbox 907 4107 1023 4161; x_wconf 88' lang='lat' dir='ltr'>domnae</span> <span class='ocrx_word' id='word_1_287' title='bbox 1044 4102 1199 4158; x_wconf 80' lang='lat' dir='ltr'>Eunomiae</span> <span class='ocrx_word' id='word_1_288' title='bbox 1216 4118 1312 4159; x_wconf 81' lang='lat' dir='ltr'>sumac</span> 
     </span>
     <span class='ocr_line' id='line_1_36' title="bbox 185 4184 1313 4255; baseline 0.004 -18"><span class='ocrx_word' id='word_1_289' title='bbox 185 4184 313 4254; x_wconf 65' lang='lat' dir='ltr'>arpinis,</span> <span class='ocrx_word' id='word_1_290' title='bbox 346 4187 487 4254; x_wconf 75' lang='lat' dir='ltr'>conflictus</span> <span class='ocrx_word' id='word_1_291' title='bbox 509 4188 584 4241; x_wconf 88' lang='lat' dir='ltr'>ueris</span> <span class='ocrx_word' id='word_1_292' title='bbox 609 4195 634 4242; x_wconf 88' lang='lat' dir='ltr'>et</span> <span class='ocrx_word' id='word_1_293' title='bbox 656 4190 758 4255; x_wconf 80' lang='lat' dir='ltr'>hiemis,</span> <span class='ocrx_word' id='word_1_294' title='bbox 781 4191 969 4247; x_wconf 79' lang='lat' dir='ltr'>Commodiani</span> <span class='ocrx_word' id='word_1_295' title='bbox 990 4191 1182 4246; x_wconf 83' lang='lat' dir='ltr'>imtructioaes</span> <span class='ocrx_word' id='word_1_296' title='bbox 1205 4196 1230 4244; x_wconf 88' lang='lat' dir='ltr'>et</span> <span class='ocrx_word' id='word_1_297' title='bbox 1256 4191 1313 4244; x_wconf 85' lang='lat' dir='ltr'>otia</span> 
     </span>
     <span class='ocr_line' id='line_1_37' title="bbox 180 4271 867 4343; baseline 0.013 -20"><span class='ocrx_word' id='word_1_298' title='bbox 180 4271 334 4338; x_wconf 80' lang='lat' dir='ltr'>complura,</span> <span class='ocrx_word' id='word_1_299' title='bbox 351 4287 423 4340; x_wconf 84' lang='lat' dir='ltr'>quae</span> <span class='ocrx_word' id='word_1_300' title='bbox 439 4273 497 4326; x_wconf 84' lang='lat' dir='ltr'>suis</span> <span class='ocrx_word' id='word_1_301' title='bbox 514 4273 579 4328; x_wconf 87' lang='lat' dir='ltr'>iocis</span> <span class='ocrx_word' id='word_1_302' title='bbox 596 4276 867 4343; x_wconf 83' lang='lat' dir='ltr'>repraesentabimus.</span> 
     </span>
    </p>
   </div>
   <div class='ocr_carea' id='block_1_9' title="bbox 0 0 1558 5250">
    <p class='ocr_par' dir='ltr' id='par_1_9' title="bbox 0 0 1558 5250">
     <span class='ocr_line' id='line_1_38' title="bbox 0 0 1558 5250; baseline 0 2"><span class='ocrx_word' id='word_1_303' title='bbox 0 0 1558 5250; x_wconf 95' lang='lat' dir='ltr'> </span> 
     </span>
    </p>
   </div>
  </div>
 </body>
</html>
