3106 5250
245 476 308 543 238
739 472 874 527 senuna

244 683 316 748 gem
338 665 486 745 peruasit,
509 662 637 744 impulit
661 680 696 727 ao
711 661 837 727 neoauit
851 660 885 724 in
901 662 1023 725 marina
1038 660 1242 743 praeeipitem
1257 659 1375 725 fluenta

244 768 414 850 porcinum.
453 784 511 830 neo
532 766 680 830 inmerito
705 764 848 830 diabolus
870 763 1057 848 generaliter
1079 764 1196 828 dieitur
1217 764 1374 842 inimicus,

244 872 296 953 qui
327 870 447 934 eunetis
476 870 522 934 ita
551 870 594 933 sit
622 870 740 945 noxius,
771 869 808 931 ut
836 870 868 932 et
896 886 972 950 quos
996 869 1062 933 odit
1088 868 1224 949 impetat
1246 852 1278 930 et
1301 885 1375 949 quos

243 974 329 1039 amat
351 973 522 1055 extinguat.

214 1102 232 1162 8
284 1095 368 1159 Hine
397 1095 548 1159 Dominus
571 1092 698 1174 nauigio
721 1110 828 1155 rursus
857 1090 1033 1156 famulante
1061 1094 1228 1157 subuectus
1258 1090 1408 1157 natalisr

243 1196 302 1262 soli
323 1195 400 1260 fines
423 1196 565 1272 intrauit,
596 1194 651 1259 ubi
673 1194 747 1276 quia
769 1194 892 1259 ereator
922 1196 1063 1258 omnium
1091 1195 1177 1260 nasei
1206 1212 1239 1258 se
1261 1194 1373 1272 uoluit,

243 1299 329 1364 illins
357 1298 494 1381 regionis
524 1300 674 1380 oppidum
702 1316 791 1361 snam
820 1297 958 1379 patriam
986 1298 1191 1379 nunoupauit.
1230 1301 1306 1362 tune
1335 1298 1375 1362 ad

242 1420 314 1466 eum
341 1404 489 1484 quattuor
515 1402 576 1465 uiri
605 1402 740 1465 eeruiees
769 1400 849 1464 leeto
879 1400 1031 1482 suppositi
1053 1402 1209 1482 quendam
1232 1402 1373 1466 detulere

241 1504 454 1589 languentem,
489 1504 542 1567 uix
575 1501 677 1568 adhue
708 1503 877 1584 hominem,
911 1502 976 1568 iam
1011 1504 1153 1568 oadauer.
1191 1504 1279 1568 ouius
1307 1503 1375 1568 uita

242 1610 329 1673 motu
360 1609 497 1688 eorporis
533 1625 643 1672 carens
676 1605 836 1671 funeream
869 1605 1075 1688 praeludebat
1107 1607 1290 1688 imaginem.
1327 1607 1408 1675 itare

241 1711 383 1776 membra
404 1710 551 1789 iaeentia,
575 1711 723 1775 resolutis
745 1728 911 1776 neruorum
933 1710 1068 1774 uinculis
1089 1728 1125 1776 ao
1147 1711 1296 1789 dimissis,
1319 1730 1373 1793 per

241 1814 339 1880 fluxos
368 1815 454 1879 artus
484 1814 516 1876 et
538 1814 657 1877 sauoios
686 1813 854 1894 morboque
881 1813 1037 1877 maroidae
1068 1813 1150 1877 tabis
1178 1813 1296 1878 alienos
1323 1814 1372 1878 uti

241 1916 375 2001 propriis
397 1916 510 1981 oflioiis
532 1934 594 1980 non
613 1915 773 1980 uolebant.
798 1935 892 1999 quem
914 1920 950 1981 ut
965 1918 1119 1983 Dominus
1141 1935 1291 1998 supernae
1307 1917 1371 1980 nir·

242 2020 322 2085 tutis
355 2038 445 2101 egere
479 2020 595 2084 uirium
629 2019 831 2085 restitutione
862 2022 1032 2102 conspexit,
1068 2041 1087 2086 a
1115 2021 1252 2102 peoeatis
1286 2020 1371 2101 prius

242 2122 366 2189 ourauit
393 2122 564 2199 absoluere,
589 2140 668 2203 quae
690 2123 847 2188 malorum
869 2124 1009 2188 omnium
1032 2130 1105 2187 sunt
1127 2126 1256 2201 radices,
1280 2129 1316 2186 ut
1337 2124 1406 2189 inre

241 2226 400 2292 homiuem
416 2229 543 2307 depulso
567 2227 706 2291 sordium
729 2226 872 2307 squalore
895 2227 1081 2291 mundatum
1104 2228 1264 2308 tamquam
1279 2243 1370 2309 prae·

240 2336 384 2411 paratam
418 2330 479 2395 sibi
509 2330 593 2395 salus
623 2330 771 2395 introiret
798 2330 830 2394 in
848 2331 999 2395 domum.
1043 2329 1121 2395 dioit
1151 2348 1224 2411 ergo
1253 2327 1370 2394 iacenti

240 2436 316 2497 tuno
338 2433 459 2512 misero,
483 2435 537 2499 sed
560 2434 644 2499 leliei
663 2434 805 2515 protinus
822 2434 982 2498 adfuturo:
1006 2453 1138 2518 surge,
1162 2434 1263 2499 tolle
1285 2451 1369 2516 gra·

238 2536 374 2602 batum
409 2539 516 2602 tuum
544 2538 581 2599 et
613 2537 711 2601 uado
739 2537 779 2601 in
810 2538 960 2601 domum
989 2538 1105 2603 tuam.
1143 2556 1200 2601 nee
1228 2541 1368 2599 moratus

340 2767 374 2821 18
391 2766 472 2820 Mare.
490 2768 515 2833 2,
535 2767 565 2820 11

290 2981 357 3033 lin
378 2979 483 3033 marina
500 2996 522 3034 e.
541 2981 559 3035 t.
581 2980 621 3034 13²
724 2981 898 3049 praeeipitem
921 2998 956 3037 ex
978 2982 1133 3050 porcipitem
1158 2983 1186 3036 P
1286 2983 1367 3035 3ita

238 3081 308 3120 eras.
326 3066 359 3120 ta
376 3066 419 3131 H,
447 3082 531 3121 omo
645 3069 673 3119 et
685 3105 694 3132 ,
713 3083 733 3122 s.
752 3068 769 3122 l.
788 3068 826 3121 P²
938 3069 1065 3135 impetrat
1084 3068 1111 3121 P
1220 3074 1284 3135 poet
1302 3083 1367 3136 qnos

237 3168 292 3207 roo.
311 3156 328 3207 3
345 3152 397 3206 litt.
416 3152 449 3205 ia
467 3153 494 3206 B
597 3154 669 3207 bun
688 3167 863 3208 adsuffico
882 3154 922 3218 R,
959 3153 990 3206 de
1008 3154 1126 3222 paratieo
1145 3155 1254 3207 dimisso
1273 3157 1367 3207 sanato

237 3239 367 3305 grabattli
380 3240 409 3303 (⁰
424 3254 456 3292 m.
470 3241 498 3304 2)
517 3238 592 3292 tollit
611 3238 647 3299 H,
685 3238 717 3291 de
734 3238 842 3293 infirmo
860 3239 907 3307 qui
925 3241 1013 3291 iussus
1027 3239 1084 3305 (uel
1095 3240 1209 3306 iussum)
1223 3239 1367 3307 grabatum

125 3414 133 3427 ἱ
236 3356 353 3412 tollito
456 3356 519 3410 hino
541 3357 570 3426 (h
593 3361 674 3424 corr.)
698 3357 727 3411 P
827 3324 957 3412 subdet?
971 3360 1013 3427 (ia
1036 3377 1085 3430 mg.
1111 3358 1246 3423 subuont’)
1272 3358 1299 3412 P

236 3461 369 3514 naturalis
386 3460 452 3514 fines
470 3460 499 3514 P
585 3462 682 3529 iipost
699 3462 749 3515 soli
767 3478 822 3516 rao.
843 3463 930 3517 stira
948 3464 981 3516 ia
1000 3464 1028 3517 B
1114 3462 1160 3516 ubi
1177 3463 1250 3531 quia]
1269 3461 1368 3531 ubique

236 3546 303 3615 ΗΒ,
331 3546 421 3615 ibique
432 3564 456 3612 o,
483 3547 583 3617 ubique
594 3549 638 3603 ael
650 3553 679 3601 et
690 3547 736 3601 ubi
750 3550 820 3603 coni.
839 3549 911 3604 Gall.
1011 3556 1073 3618 post
1086 3550 1186 3618 ubique
1197 3566 1252 3604 ros.
1266 3553 1283 3603 3
1294 3549 1367 3603 aeid

234 3651 288 3704 litt.
306 3651 338 3705 ira
354 3650 389 3704 H
472 3638 515 3704 om
535 3651 563 3704 P
650 3651 766 3735 naseipse
784 3652 818 3717 P,
847 3652 918 3706 nesoi
936 3651 964 3707 R
1057 3653 1165 3706 lillius
1183 3668 1204 3707 e.
1222 3654 1240 3705 l.
1259 3654 1298 3708 R²

235 3772 269 3827 12
286 3771 365 3826 flexos
383 3772 425 3836 R,
456 3771 530 3825 lusae
549 3773 589 3839 (as
607 3786 677 3825 oorr.
696 3788 731 3827 aa
747 3778 789 3837 us)
809 3772 842 3826 H
941 3739 1123 3826 martidetalis
1142 3773 1170 3827 P
1270 3772 1366 3826 alienis

234 3874 269 3928 H
368 3877 399 3927 ut
426 3875 453 3928 B
558 3876 591 3929 13
617 3875 744 3929 uolebant
770 3875 799 3929 P
899 3890 1011 3943 superne
1038 3876 1067 3930 P
1177 3875 1209 3929 14
1235 3877 1366 3960 uirigium

235 3995 262 4047 P
359 3959 482 4063 conperit
502 3998 526 4061 (l
541 4011 559 4047 a
576 4013 611 4049 m.
629 3998 660 4064 2)
679 3995 708 4049 P
802 3995 835 4048 15
853 3996 1003 4050 abssoluere
1021 3996 1049 4050 P
1142 3998 1206 4066 quia
1223 3998 1268 4062 P¹,
1294 4012 1365 4052 corr.

233 4098 264 4151 ia
288 4114 355 4168 quae
372 4100 445 4153 Μ
551 4081 610 4152 effi
635 4099 669 4163 P,
703 4082 810 4153 *omiuu
837 4098 865 4165 (h
889 4102 971 4167 eros.)
999 4100 1035 4154 Η
1134 4101 1163 4153 in
1191 4117 1241 4155 om.
1270 4101 1298 4154 B

234 4219 267 4272 16
285 4190 378 4289 dpulso
396 4220 424 4273 B
523 4222 653 4288 tanquam
671 4221 713 4288 (ta
730 4235 800 4275 corr.
819 4237 854 4275 m.
871 4224 900 4289 2)
918 4221 947 4275 P
1043 4222 1076 4275 17
1094 4188 1166 4307 dieo¹3t
1184 4223 1265 4290 (corr.
1283 4240 1318 4276 m.
1333 4225 1364 4288 2)

232 4322 266 4375 H
367 4323 399 4377 18
423 4323 541 4378 affuturo
564 4325 608 4390 H,
638 4324 765 4379 affeeturo
788 4326 827 4391 B,
858 4326 984 4380 effeeturo
1006 4325 1062 4381 Uol.
1088 4326 1172 4390 Gall,
1204 4326 1263 4379 furo
1288 4326 1363 4391 Por,

233 4406 324 4460 futuro
342 4408 424 4461 Areo.
529 4408 692 4478 grabbatum
711 4410 773 4476 PB,
804 4410 960 4479 grabattum
979 4411 1042 4467 RH
