3106 5250
200 434 264 501 354
673 430 855 499 Appendir.

52 657 73 687 v.
87 646 279 703 see-seeuooo,
310 646 343 689 oo
371 629 444 703 quod
478 644 574 687 omues
602 624 732 688 naturali
758 624 889 685 bonitate
917 624 1010 683 uocat.
1053 621 1234 694 Dimisit,
1270 620 1346 695 quia

198 733 348 793 uoluntate
370 732 501 791 mortuus
524 733 578 790 est.
613 730 691 789 Mors
713 746 770 787 non
792 728 866 787 adiit
889 725 971 785 illum
986 726 1061 785 sicut
1076 724 1218 784 homines.
1259 724 1291 782 N
1299 740 1344 781 ou

198 836 355 896 obeunte
377 836 442 893 deo
464 834 492 892 ·i·
511 850 566 892 uon
582 833 722 893 moriente
745 832 908 903 diuinitate,
925 831 995 890 obeo
1010 828 1157 903 siguificat
1172 827 1341 902 circumdo,

198 938 347 1015 significat
369 941 399 997 et
420 938 535 997 morior.
570 936 771 996 Patiscunt
793 936 820 994 ·i·
843 936 1041 995 habundanter
1063 932 1263 1011 resoluuntur,
1289 930 1343 990 hio

197 1042 264 1101 hias
280 1042 307 1100 ·i·
322 1059 354 1101 os
371 1040 477 1115 aperio.
509 1038 593 1098 Facit
609 1040 805 1098 inchoatiuum
826 1038 916 1113 hisco,
939 1036 1038 1107 hiscis,
1062 1037 1133 1095 hino
1156 1032 1341 1108 componitur
1362 1054 1374 1091 1

198 1146 302 1205 fetisco
324 1160 359 1203 ex
381 1160 495 1223 graeco,
512 1145 586 1217 quod
602 1146 648 1203 est
662 1143 737 1201 fatos
754 1142 780 1199 .i-
796 1140 926 1209 multum,
942 1142 1018 1199 uude
1033 1138 1144 1199 affatim
1159 1136 1341 1197 aduerbium

197 1252 227 1306 11
242 1248 346 1306 1111111
362 1248 490 1318 uerbum,
507 1247 582 1320 quod
600 1246 745 1320 siguificat
760 1244 973 1306 habundanter.
997 1244 1162 1316 Fragore
1179 1242 1207 1300 ·i·
1221 1240 1339 1299 sonitu.

197 1352 307 1425 Fragor
336 1350 440 1409 dicitur
470 1368 592 1424 magnus
622 1350 743 1419 sonitus,
771 1352 893 1408 tractum
915 1366 932 1407 a
955 1347 1056 1407 fractis
1078 1345 1172 1403 rebus.
1212 1345 1339 1402 Maius

197 1454 369 1528 templum
403 1456 488 1513 uocat
520 1469 622 1527 corpus
657 1450 775 1525 Christi,
810 1452 877 1525 quia
906 1454 971 1510 eret
1006 1452 1123 1526 plenum
1162 1449 1337 1507 diuinitate.

196 1556 344 1617 Alumni
374 1558 399 1614 ·i·
428 1556 511 1629 socii,
535 1556 611 1615 siout
634 1554 728 1614 socius
751 1556 842 1627 gemit
864 1554 987 1615 alterum
1010 1553 1056 1613 uel
1078 1551 1245 1626 discipulus
1269 1570 1371 1613 mre-ro

196 1662 331 1735 gistrum,
357 1660 399 1718 ita
420 1662 451 1717 et
472 1659 545 1718 illud
568 1658 725 1719 Christum.
755 1658 872 1717 Poetice
896 1657 968 1717 dixit
991 1658 1027 1717 ob
1049 1657 1177 1717 dolorem
1200 1659 1337 1718 nudasse
1391 1656 1396 1663 '

195 1764 334 1837 templum
353 1782 408 1822 sna
423 1765 540 1835 pectora
555 1763 657 1820 uidens
673 1761 820 1820 Christum
835 1760 907 1820 mori
922 1763 952 1820 et
967 1761 1022 1821 hoo
1037 1763 1193 1820 secundum
1208 1761 1335 1837 IudeoS,

196 1870 271 1943 apud
294 1884 365 1940 quos
387 1868 478 1925 uestis
501 1866 697 1939 scindebatur,
721 1866 747 1923 si
769 1864 811 1925 eis
827 1865 971 1925 accideret
987 1866 1094 1938 aliquis
1110 1864 1201 1926 dolor.
1228 1866 1336 1927 Scien-

196 1970 263 2029 dum
284 1987 351 2030 uero
375 1971 449 2043 quod
472 1971 526 2029 duo
550 1970 616 2028 uela
639 1970 722 2028 erant
744 1968 774 2026 in
796 1970 919 2042 templo:
943 1987 1031 2027 unum
1051 1969 1183 2044 interius,
1202 1970 1336 2031 altorum

195 2073 331 2145 exterius,
365 2074 440 2147 quod
475 2074 630 2132 exscissam
662 2076 718 2135 est.
762 2070 940 2131 Patoscit
969 2074 995 2131 ·i.
1025 2072 1163 2146 aperitur,
1197 2078 1371 2136 ostenditis

196 2176 270 2250 quod
292 2172 440 2249 siguificat
463 2176 565 2235 scissio
580 2177 649 2253 1111,
673 2178 876 2236 reserationem
892 2175 1030 2235 uidelicet
1045 2176 1127 2250 legis.
1152 2176 1337 2240 sicutenim

194 2279 285 2340 iacies
307 2279 401 2355 Moysi
423 2279 566 2338 uelamine
588 2280 782 2353 operiebatur,
812 2279 853 2337 ita
875 2279 923 2339 lex
945 2282 1013 2337 ante
1035 2279 1191 2339 aduentum
1215 2282 1336 2343 Christi

195 2383 306 2442 carnali
332 2386 361 2443 et
389 2384 511 2442 litterali
533 2383 681 2443 intellectu
704 2384 784 2442 tecta
813 2384 884 2442 erat.
931 2383 1010 2442 Non
1033 2383 1232 2459 formauit,
1272 2404 1336 2447 uon

194 2486 304 2545 creauit
321 2488 360 2547 te.
390 2486 431 2544 Vi
438 2502 546 2559 pereo
571 2486 597 2545 ·i·
620 2486 795 2559 serpentino.
830 2486 944 2547 Poetice
967 2489 1087 2547 mortem
1102 2488 1214 2560 patrem
1232 2488 1333 2549 habu·

193 2588 253 2647 isse
276 2588 360 2648 illum
382 2592 552 2664 serpentem,
580 2608 632 2664 per
654 2606 738 2663 quem
754 2590 864 2663 primus
879 2592 963 2649 homo
978 2592 1113 2650 seductus
1129 2593 1185 2662 est,
1202 2595 1369 2655 matremao

195 2708 262 2749 uero
279 2692 340 2750 eius
356 2692 471 2765 culpam
486 2691 587 2766 fuisse,
603 2710 690 2765 quam
705 2694 780 2751 idem
794 2692 878 2752 homo
894 2692 1045 2753 commisit.
1084 2694 1136 2751 Ad
1158 2695 1232 2753 tem
1242 2714 1333 2771 pus,

195 2793 257 2851 ideo
281 2794 351 2851 dicit
373 2796 407 2852 ed
431 2797 554 2867 tempus,
578 2796 645 2869 quia
669 2813 731 2854 mox
754 2798 969 2855 resurreotmus
994 2798 1056 2855 erat
1073 2799 1097 2855 ·i-
1114 2799 1181 2870 poet
1203 2798 1333 2859 tertium

194 2894 279 2953 diem.
316 2896 372 2954 Per
394 2896 510 2956 eobasin
533 2897 559 2955 ·i·
582 2914 633 2971 per
655 2897 865 2972 erogationem,
892 2901 1004 2972 quaudo
1035 2901 1109 2958 redit
1131 2900 1167 2957 od
1193 2904 1332 2961 narrati-

194 3013 283 3058 onem.
329 3001 373 3058 Et
395 3000 542 3073 patenti
567 3000 592 3058 ·i·
617 3004 726 3075 aperto.
762 3001 881 3061 Cruor
896 3003 1003 3061 dicitur
1019 3021 1036 3062 a
1051 3006 1199 3081 currendo,
1215 3022 1327 3078 quam·

194 3102 242 3161 diu
264 3102 364 3175 currit,
389 3102 476 3162 etium
500 3104 620 3178 sanguis
643 3122 727 3165 cruor
743 3108 869 3167 uocatur.
915 3106 1087 3165 Mausore
1102 3108 1129 3165 ·i·
1147 3107 1330 3171 habitatore.
1342 3133 1368 3173 aa

194 3204 346 3265 Nobilis
369 3224 399 3264 ·s·
429 3207 509 3266 locus
532 3226 565 3267 er
588 3227 629 3285 eo,
662 3209 709 3283 qui
737 3208 797 3267 illio
820 3208 920 3270 iacuit.
965 3210 1158 3280 Nobilior,
1183 3211 1235 3283 qui
1259 3212 1330 3272 inde

194 3311 327 3370 surrexit.
376 3310 547 3383 Augebat
575 3313 602 3370 ·i·
631 3311 889 3385 multiplicabatur.
933 3312 978 3369 Et
1011 3313 1200 3371 referrent
1222 3332 1257 3372 ·s·
1281 3316 1330 3375 illi

194 3411 326 3485 discipuli
350 3412 376 3469 d·
400 3413 538 3472 dicerent.
584 3413 737 3486 Signata
760 3432 792 3473 ·s·
815 3415 900 3473 anulo
929 3415 1080 3487 praesidis.
1112 3415 1330 3488 Sigillanerunt

194 3515 378 3587 sepulchrum
401 3514 498 3588 sigillo
522 3519 552 3575 11
574 3517 653 3576 bulla
676 3517 702 3574 ·i·
724 3518 808 3577 anulo
832 3518 924 3590 ipsius
947 3517 1046 3577 Pilati.
1090 3519 1273 3580 Excubiis
1298 3524 1327 3582 ·i·

193 3617 312 3689 uigiliis.
336 3617 481 3677 Excubiae
497 3618 632 3678 dicuntur
647 3620 766 3693 uigiliae
782 3620 912 3691 diurnae,
929 3622 1003 3680 sicut
1018 3621 1136 3695 uigiliae
1151 3626 1326 3687 nocturnae.
1336 3648 1362 3687 oo

194 3720 360 3778 Sabbata.
396 3722 521 3780 Sabbata
543 3724 572 3781 et
601 3722 754 3781 sabbatum
780 3723 968 3795 singulariter
990 3742 1077 3783 unum
1106 3725 1180 3784 diem
1203 3726 1325 3788 demon-

193 3823 297 3881 strant.
327 3821 382 3881 Per
404 3825 457 3883 hoo
486 3827 558 3899 quod
585 3826 656 3885 dicit
679 3828 832 3899 septimum
855 3826 939 3901 diem,
965 3831 1164 3886 commemorat
1187 3829 1325 3892 ultimum

193 3928 377 4000 ostenditque
402 3927 476 3987 diem
499 3929 680 4000 dominicum,
698 3930 745 4004 qui
763 3929 903 4008 sequitur,
919 3930 1042 4004 primum
1059 3947 1132 4004 osse,
1148 3931 1217 4004 quia
1234 3951 1323 3994 omne

192 4034 304 4104 tempus
325 4047 378 4104 per
400 4031 475 4090 ·VII·
498 4032 560 4091 dies
593 4033 720 4092 uoluitur
743 4033 828 4092 huius
851 4034 969 4093 saeculi.
1016 4033 1097 4091 Cum
1120 4050 1272 4094 munere
1295 4038 1323 4096 ·i.

192 4149 255 4191 oum
277 4135 423 4206 unguento
446 4134 622 4193 aromatibus
644 4134 781 4207 perfecto.
811 4134 979 4193 Aromatum
1001 4153 1092 4209 genus
1115 4139 1159 4194 est
1181 4140 1360 4210 unguentioe

243 4370 259 4422 6
271 4384 311 4422 cn
323 4367 410 4428 deon?
482 4370 513 4422 17
526 4371 669 4423 ita-orat
681 4369 713 4423 11
724 4383 808 4437 orarp.
821 4384 855 4421 111.
868 4368 903 4422 ol.
915 4384 967 4423 scr.
981 4369 1009 4422 A
1082 4369 1115 4423 27
1128 4342 1248 4425 referunt
1260 4374 1289 4426 A
