3106 5250
464 1272 1049 1388 Paouusouuun.

743 1545 770 1628 I.

187 1814 192 1823 .
237 1723 401 1829 Serulius,
426 1753 463 1817 de
487 1753 574 1818 ouius
596 1753 663 1816 uita
686 1754 717 1816 et
738 1752 864 1836 seriptis
884 1753 1066 1834 aliolooo1)
1084 1751 1319 1817 fusiustreeta·

191 1840 306 1944 dimne,
329 1858 491 1942 postquam
515 1857 724 1923 saecularibus
747 1859 861 1924 studiis
882 1859 1019 1924 ‘colendis
1047 1858 1113 1922 uim
1136 1858 1315 1942 inpatientis

192 1962 313 2046 ingenii
342 1979 402 2025 non
433 1960 573 2025 utilitati
595 1960 717 2026 animae
739 1961 793 2029 sed
814 1961 899 2025 inani
922 1962 1006 2026 uitae
1029 1962 1207 2044 dependere,
1231 1961 1318 2026 litte·

192 2069 294 2131 rariae
311 2063 452 2128 sollertia
466 2063 649 2147 disciplinae
665 2062 787 2128 lusibus
802 2063 988 2128 infructuosi
1004 2063 1105 2145 operis
1121 2082 1181 2128 non
1195 2063 1317 2131 auctori

191 2167 311 2233 seruire
342 2166 401 2230 sibi
427 2168 513 2230 uisus
537 2164 633 2250 est⁹)‚
659 2168 696 2231 ad
720 2164 836 2230 Christi
865 2165 1016 2230 miracula
1038 2167 1178 2232 uersibus
1201 2165 1317 2232 deseri·

192 2271 294 2335 benda
316 2271 354 2334 ob
377 2269 434 2333 hoo
456 2270 589 2333 maxime
613 2268 752 2353 aooessit‚
780 2271 818 2334 ut
847 2269 924 2334 alios
946 2269 1210 2335 exhortationibus
1233 2268 1316 2332 ueri·

190 2373 269 2438 tatis
291 2372 329 2435 ad
351 2371 473 2456 frugem
495 2372 592 2437 bonae
622 2373 732 2437 messis
759 2372 897 2437 inuitans
927 2373 954 2436 si
977 2373 1099 2454 quando
1121 2371 1316 2437 infirmitatis

190 2476 347 2541 humanae
369 2476 454 2539 uitiis
477 2472 606 2539 forsitan
622 2474 785 2539 lacessitus
800 2474 1034 2558 impugnaretur,
1052 2475 1157 2539 uerbis
1172 2462 1315 2558 propriae

191 2575 413 2665 disputationis
448 2579 637 2641 ammonitus
670 2579 822 2642 metueret
851 2581 881 2642 et
912 2580 964 2660 qui
998 2577 1082 2644 furta
1108 2577 1316 2662 prohibuisset

191 2681 244 2745 fur
270 2678 372 2745 uideri
401 2681 560 2744 uereretur
589 2680 620 2744 et
649 2682 701 2763 qui
723 2685 825 2745 reotae
847 2680 1016 2747 soliditatis
1043 2681 1104 2745 iter
1132 2681 1316 2746 ostendisset

191 2781 384 2866 procliuioris
406 2783 520 2847 lubrici
542 2783 716 2866 periculosa
738 2782 850 2848 sectari
874 2785 905 2847 et
929 2784 1026 2865 clipeo
1049 2784 1221 2849 dominicae
1243 2803 1316 2866 pro-

191 2884 337 2950 tectioris
364 2887 503 2950 armatus
537 2884 682 2949 inimicae
715 2884 911 2951 iaculationis
935 2887 999 2951 tela
1028 2886 1111 2953 facili
1140 2885 1316 2969 repulsione

191 2987 455 3069 contemnerem.
493 2988 645 3052 Volumen
680 2988 867 3070 confectum,
904 2989 953 3053 cui
985 3007 1096 3052 nomen
1128 3006 1315 3054 resonares

190 3107 354 3156 aramme
388 3090 566 3172 inposuerat
579 3088 617 3171 ⁴),
651 3091 742 3171 poeta
775 3090 954 3156 Macedonio
987 3093 1172 3176 presbytero,
1210 3109 1315 3155 rerum

189 3212 319 3258 suarum
348 3193 487 3275 patrono.
517 3191 634 3257 obtulit
655 3191 886 3275 perlegendum,
916 3192 968 3276 qui
1003 3193 1126 3258 Sedulio
1154 3193 1315 3277 respondit

190 3313 226 3360 ao
246 3296 404 3381 praecepit
426 3297 463 3359 ut
485 3313 609 3359 carmen
643 3295 673 3361 in
708 3295 896 3360 rhetoricum
930 3295 1110 3361 transferret
1140 3313 1313 3360 sermonem

188 3399 302 3474 causis,
326 3398 358 3461 id
375 3398 455 3479 quod
472 3396 638 3463 dolendum
654 3400 711 3474 est,
731 3415 792 3461 non
807 3397 937 3462 adiectis
952 3397 989 3480 ⁶).
1012 3399 1120 3481 Neque
1134 3416 1206 3463 uero
1222 3416 1314 3482 opera

294 3617 320 3685 ¹),
343 3618 376 3672 cf.
403 3618 446 3672 De
472 3619 579 3673 Sedottt
600 3623 701 3688 poetae
726 3618 789 3672 atta
814 3624 840 3673 et
863 3619 972 3689 scriptae
999 3619 1194 3675 commentatio.
1227 3618 1313 3676 Vtaol.

187 3705 268 3758 1878.
287 3734 320 3742 -
339 3703 439 3757 Eodem
468 3705 590 3773 spectant
616 3705 784 3773 quaestiones
807 3720 873 3773 quae
895 3707 988 3774 postea
1005 3707 1197 3760 instituerunt:
1227 3704 1255 3760 O.
1281 3706 1312 3761 L.

185 3788 342 3855 Lehnbaoh,
365 3789 451 3843 Ueber
469 3789 524 3843 deo
541 3790 713 3845 oluistltctcoc
729 3791 846 3846 Dichter
867 3792 976 3847 Caelios
994 3792 1123 3847 Sedoltos
1140 3791 1200 3845 aad
1218 3791 1313 3846 dassen

190 3874 309 3930 Commo
327 3875 465 3943 paschate.
489 3875 680 3931 Gestar1879
703 3878 731 3929 et
755 3877 787 3932 G.
805 3876 930 3942 Boissier,
948 3877 990 3932 Le
1007 3893 1118 3933 carmen
1134 3876 1267 3931 Pasolrale
1285 3882 1313 3931 ot

183 3961 274 4029 l'opus
292 3961 327 4017 P.
347 3960 482 4030 (Journal
500 3961 546 4016 aas
565 3961 689 4026 &cauta
706 3968 774 4031 sept.
792 3966 882 4029 1881).

292 4066 313 4131 ²)
331 4065 364 4118 cf.
383 4065 461 4134 epist.
480 4065 514 4119 ad
531 4066 630 4120 Maced.
651 4083 676 4135 p.
694 4067 719 4120 3.

293 4167 508 4237 Umfflpt

290 4271 523 4342 tmfflpffi

292 4373 313 4443 ⁵)
331 4374 364 4429 cl.
381 4391 421 4444 ep.
441 4374 476 4429 ad
493 4374 593 4431 Maced.
612 4374 723 4429 alteram
741 4391 766 4443 p.
785 4374 843 4430 171.

236 4474 273 4529 X·
905 4474 908 4480 .
