3106 5250
513 440 662 511 Remigii
683 439 867 511 expositio.
1192 442 1257 509 325

127 641 350 701 Grandacuo
373 639 451 699 situ
474 637 501 695 ·i·
523 636 614 697 nimia
628 637 787 707 senectute,
810 637 884 695 situs
901 654 953 710 pro
969 636 1116 696 senectute
1132 636 1256 711 ponitur,
1266 660 1286 689 v.
1302 650 1404 692 ros-ria

126 745 241 820 proprie
265 742 340 803 situs
356 741 461 802 dicitur
484 741 592 813 lanugo
608 743 703 800 tarrae
719 742 750 800 in
765 739 838 799 locis
852 740 995 813 neglectis
1012 741 1040 798 ·i·
1056 740 1110 800 soli
1126 740 1257 799 inacces-

127 850 179 909 sis.
213 845 335 906 Ponitur
357 846 404 904 hio
426 844 499 903 situs
522 861 575 918 pro
597 828 754 904 uetustate.
798 842 980 915 Frigidus
1004 843 1119 914 dicitur,
1142 842 1212 916 quia
1226 843 1256 901 in

127 950 280 1012 iuuenibus
313 949 434 1023 sanguis
463 947 600 1017 calatin
626 946 745 1005 senibus
775 962 841 1004 uero
864 946 968 1019 friget3
992 946 1116 1018 frigidus
1139 962 1208 1018 ergo
1231 947 1257 1003 ·i.

106 1052 252 1118 suetulns.
297 1052 380 1111 Cum
414 1050 564 1111 seniore
598 1050 694 1123 uiro,
728 1049 797 1122 qnia
819 1049 966 1107 Abraham
990 1048 1046 1107 iam
1077 1064 1163 1108 senex
1185 1049 1257 1127 erat,

128 1156 269 1230 siquidem
291 1155 440 1215 Abraham
462 1152 653 1224 centenarius,
678 1152 748 1211 Sara
772 1168 838 1210 nero
865 1151 1062 1226 nonagenaria
1088 1151 1257 1210 habebatur.

128 1261 216 1318 Senes
237 1258 373 1318 dicuntur
394 1256 549 1315 secundum
571 1257 728 1315 Varronem
752 1256 836 1328 qnasi
859 1273 891 1315 se
914 1256 1085 1332 nescientes,
1107 1254 1174 1326 quia
1189 1270 1258 1327 prae

128 1363 217 1421 nimia
239 1361 384 1422 senectute
410 1359 542 1418 delirant.
587 1357 677 1416 Plus
706 1355 866 1431 piatatis
896 1357 1036 1417 habens
1058 1375 1081 1415 s.
1111 1356 1144 1416 in
1165 1357 1257 1416 deum.

128 1467 163 1525 In
185 1467 239 1524 hoo
261 1463 384 1523 crudelis
408 1462 464 1521 fuit
479 1461 636 1531 Abraham,
662 1459 800 1534 qnoniam
817 1459 908 1519 filium
925 1461 1067 1520 decollare
1082 1461 1184 1534 uoluit,
1208 1460 1258 1519 sed

93 1595 118 1635 rc
128 1571 203 1643 pius,
226 1567 295 1641 quia
313 1568 395 1624 deum
410 1564 476 1638 plus
492 1583 579 1639 qnam
593 1564 683 1623 filium
699 1564 809 1623 dilexit.
846 1563 1006 1623 Occumb
1017 1564 1096 1622 eret
1111 1563 1137 1620 -i·
1152 1564 1258 1623 rueret.

127 1672 211 1731 Modo
242 1667 427 1741 allegorizet:
457 1666 604 1726 Abraham
627 1666 772 1739 significat
796 1667 879 1724 deum
907 1671 1027 1738 patrem,
1052 1665 1134 1723 Isaac
1156 1664 1257 1736 filium,

128 1774 203 1833 aries
226 1771 429 1831 humilitatem.
468 1772 547 1829 Duas
570 1771 691 1829 naturas
714 1769 744 1827 in
772 1768 885 1827 Christo
909 1769 1061 1839 credimus,
1084 1784 1169 1825 unam
1192 1783 1259 1839 per·

128 1895 237 1948 sonam,
267 1878 296 1934 et
326 1873 402 1934 sicut
431 1873 505 1933 aries
534 1872 699 1932 immolatus
730 1874 774 1931 est
804 1873 833 1931 et
855 1873 937 1930 Isaeo
966 1871 1117 1930 incolumis
1140 1870 1258 1941 mansit,

128 1981 169 2039 ita
192 1977 354 2037 humanitas
378 1976 488 2034 Christi
508 1978 638 2050 passioni
661 1975 820 2049 succubuit,
845 1977 895 2033 sed
918 1974 1056 2033 diuinitas
1079 1972 1259 2047 inpassibilis

95 2081 195 2147 15iuit.
240 2080 333 2139 Loth
362 2078 569 2151 interpretatur
599 2079 755 2150 declinans,
785 2078 905 2137 Sodoma
934 2078 1020 2151 pecus
1050 2077 1170 2148 mutum,
1193 2074 1260 2147 quia

129 2186 232 2244 contra
264 2185 400 2242 naturam
433 2181 672 2241 irrationabiliter
705 2182 872 2254 peccabant.
917 2180 1033 2238 Chaos
1067 2180 1095 2237 ·i·
1130 2176 1259 2237 confusio

131 2288 344 2360 elementorum,
381 2284 570 2358 perditionem
608 2283 753 2358 significat
786 2282 893 2343 mundi.
938 2282 1015 2342 Nota
1049 2285 1095 2341 est
1126 2280 1258 2340 historia.

130 2390 211 2448 Pluit
245 2390 314 2448 dens
342 2389 438 2461 iguem
468 2391 497 2446 et
524 2388 646 2460 sulphur
677 2402 763 2460 super
792 2386 951 2454 Sodomam,
979 2386 1116 2459 quoniam
1139 2382 1260 2457 angelus

130 2489 279 2566 praecepit
298 2492 372 2550 Loth
396 2494 425 2551 et
455 2490 535 2548 uxori
566 2491 637 2560 eius,
660 2492 693 2548 ut
714 2489 850 2562 ingerant
871 2490 901 2547 et
922 2490 988 2562 post
1011 2505 1040 2546 se
1066 2489 1179 2547 uultum
1202 2502 1261 2544 non

45 2598 47 2603 ’
96 2595 325 2657 aodeflecterent.
348 2594 501 2667 aspiciens
524 2609 594 2651 uxor
616 2592 677 2650 eius
699 2594 777 2651 retro
800 2608 886 2650 uersa
907 2594 952 2649 est
974 2591 1005 2648 in
1027 2592 1154 2649 statuam
1178 2588 1259 2662 salis,

132 2700 162 2757 et
184 2698 255 2758 bene
277 2697 307 2755 in
330 2700 457 2756 statuam
481 2698 563 2767 selis,
586 2700 618 2754 ut
641 2698 695 2754 hoc
717 2695 846 2769 exemplo
870 2697 982 2755 mentes
998 2694 1176 2753 audientium
1191 2710 1260 2753 con·

132 2800 274 2872 diremtos,
293 2818 328 2858 ne
344 2799 450 2859 similia
464 2800 656 2873 perpetrando
675 2798 785 2858 similia
800 2800 979 2872 paterentur.
1003 2798 1043 2855 In
1059 2814 1123 2856 sua
1138 2799 1259 2869 terga,

132 2903 180 2975 qui
204 2902 364 2973 abiecerit,
389 2903 478 2962 faciet
501 2903 611 2962 sulcum
635 2902 782 2974 obliquum
805 2902 831 2959 ·i·
854 2903 1016 2961 tortuosum
1031 2904 1082 2960 ant
1095 2899 1261 2959 uulnerabit

132 3022 216 3063 crura
243 3003 393 3077 iugalium.
431 3005 487 3062 Per
516 3006 646 3064 arantem
676 2999 812 3076 designat
834 3004 1071 3077 praedicatorem,
1094 3019 1146 3076 per
1168 3005 1260 3061 arati-

96 3123 215 3173 seonem
237 3107 481 3179 praedicationem
504 3107 531 3165 ·i·
555 3108 650 3181 ipsam
672 3107 840 3167 orationem.
879 3107 960 3166 Siout
983 3106 1056 3164 enim
1079 3108 1176 3165 arator
1202 3122 1261 3164 non

132 3210 217 3268 debet
245 3209 354 3268 referre
384 3208 495 3268 uultum
523 3209 554 3267 in
576 3227 630 3267 sua
651 3211 745 3281 terga,
769 3210 811 3267 ita
833 3209 1016 3281 praedicator
1039 3225 1097 3267 non
1120 3208 1205 3267 debat
1226 3224 1261 3266 ea

131 3312 237 3384 iacere,
266 3328 339 3385 quae
368 3311 518 3386 praedicat
540 3312 668 3370 uitanda.
713 3311 882 3371 Frondea
903 3328 955 3384 pro
977 3312 1120 3382 frondosa,
1144 3311 1271 3371 bondo·-

132 3432 194 3473 sum
223 3414 331 3473 dicitur
359 3414 468 3473 habens
496 3414 627 3487 frondes3
657 3413 808 3474 frondeum
829 3430 898 3472 nero
921 3412 1029 3487 aliquid
1053 3414 1087 3473 de
1110 3413 1260 3473 frondibus

131 3516 219 3576 ramis
249 3517 358 3576 factum
387 3518 462 3576 siout
491 3533 578 3576 socna
605 3516 632 3575 ·i·
663 3517 869 3577 umbraculum.
914 3517 1050 3576 Plexos
1084 3518 1113 3576 ·i·
1147 3532 1259 3577 curuos.

96 3619 322 3685 aal'risulcis
351 3620 378 3678 ι·
401 3619 515 3681 trifidis.
571 3620 696 3693 Serpens
724 3621 810 3679 tanta
837 3619 971 3692 agilitate
1001 3619 1131 3693 linguam
1153 3623 1259 3694 mouet,

130 3725 164 3781 ut
185 3723 319 3782 uideatur
341 3722 504 3782 hominibus
527 3723 656 3783 trisulca.
690 3723 889 3783 chelidrus
912 3725 939 3783 ·i.
963 3739 1090 3797 serpens,
1113 3723 1163 3796 qui
1185 3722 1261 3782 uiuit

131 3826 161 3884 in
196 3832 277 3887 terra
308 3828 338 3885 et
372 3827 402 3884 in
433 3842 516 3899 aqua.
556 3825 684 3886 cherson
716 3841 818 3898 graece
850 3828 937 3899 terra,
971 3827 1042 3901 ydor
1075 3843 1158 3899 aqua,
1193 3825 1261 3885 inde

131 3927 277 3988 chelidrus
312 3929 396 4001 quasi
428 3929 593 3989 chersidrus
621 3946 652 3988 eo
688 3928 763 4002 quod
791 3929 822 3988 in
852 3931 931 3989 terra
958 3931 989 3990 et
1016 3928 1046 3987 in
1072 3946 1148 4002 aqua
1168 3927 1261 4001 possit

131 4031 239 4090 uiuere.
278 4031 464 4091 Incedens
487 4032 515 4090 ·i·
538 4030 721 4106 ingrediens.
758 4031 964 4106 Baptisma,
987 4031 1132 4106 baptisma
1154 4031 1259 4090 hebra·

236 4165 251 4218 i
269 4163 303 4217 cf.
322 4179 408 4217 meam
426 4163 459 4218 dc
478 4164 602 4234 Remigio
620 4166 761 4218 comment.
779 4181 806 4233 p.
825 4166 859 4221 21

184 4285 218 4339 13
236 4284 375 4338 incolimus
393 4285 432 4337 Αι
534 4284 568 4339 26
586 4300 617 4337 ea
633 4284 719 4338 fatere
736 4285 806 4338 ferre
824 4285 851 4339 B
948 4287 982 4341 27
1001 4259 1086 4341 fatere
1104 4288 1129 4353 (c
1146 4301 1164 4339 a
1180 4302 1215 4340 m.
1232 4286 1262 4351 2)

132 4371 160 4423 Α
263 4372 297 4424 33
315 4370 435 4424 chelidus
452 4371 490 4425 A¹
593 4369 729 4426 chersidus
747 4371 786 4424 A¹
