3106 5250
131 464 196 531 334
606 466 788 537 Appendix.

21 674 123 715 ros-ree
134 658 399 719 abrenuntiauimus
416 662 446 719 in
462 662 618 735 baptismo.
655 660 791 735 Aperit
814 662 840 719 ·i·
861 661 1037 735 manifestat,
1055 663 1134 722 illam
1150 664 1273 724 scilicet

131 762 213 837 iram,
242 780 327 836 quam
357 762 476 823 latebat.
517 765 596 823 Sicut
622 764 754 839 superius
777 765 850 823 dixit
875 762 982 825 ‘nubila
1004 766 1108 825 mentis
1131 764 1272 829 habens'.
1313 766 1321 782 ⁸

80 910 84 915 .
130 866 287 925 Facinus
299 867 324 924 ·i·
337 867 440 939 scelus,
457 869 533 941 quod
549 867 642 928 uoluit
657 868 763 943 lacere,
780 886 837 928 nou
854 871 947 941 potuit
961 869 1107 942 perficere.
1128 868 1272 930 Christus

128 970 205 1027 euim
227 970 264 1027 ad
285 972 451 1045 Aegyptum
473 971 599 1044 fugerat.
623 972 748 1032 Facinus
770 974 821 1030 tou
844 988 941 1031 meson
964 976 1019 1047 est,
1043 972 1072 1030 in
1096 973 1168 1031 bono
1185 976 1269 1033 euim

129 1074 158 1131 et
195 1070 225 1131 iu
262 1074 336 1132 malo
375 1075 503 1148 ponitur.
548 1076 730 1135 Inmerito
768 1076 796 1133 ·i·
830 1075 947 1134 iniuste.
994 1074 1149 1135 Vixdum
1185 1079 1308 1140 sicula

127 1174 267 1247 agedum3
300 1176 422 1236 adiectio
446 1177 588 1253 syllabica
617 1181 664 1238 est
685 1180 763 1238 dum.
808 1177 968 1251 Vagitus
990 1179 1018 1235 ·i.
1041 1179 1150 1252 primas
1173 1196 1268 1239 uoces

127 1276 290 1352 infantium,
320 1279 385 1338 iude
414 1280 595 1354 uegiticanus
625 1282 696 1343 deus
726 1281 842 1356 dicitur,
871 1282 919 1355 qui
949 1284 1065 1355 praeest
1087 1281 1265 1343 infantibus.

127 1382 359 1443 Innumerum
382 1386 486 1444 nefas
510 1386 536 1444 ·i·
559 1385 710 1459 multiplex
732 1388 892 1460 peccatum,
938 1384 1079 1444 Orbata
1097 1386 1124 1443 ·i·
1140 1385 1266 1458 priuata

127 1482 196 1543 filiu,
240 1486 354 1546 Lario
384 1487 410 1544 ·i·
440 1488 573 1550 erudelis.
607 1489 772 1562 Increpatio
794 1490 830 1547 ad
853 1487 1006 1549 Herodem.
1040 1488 1129 1546 Lanio
1152 1488 1266 1548 dicitur

127 1588 210 1661 lupus
232 1607 251 1647 a
274 1590 352 1663 lena,
386 1593 454 1665 quia
486 1592 633 1651 interiecit
655 1610 734 1667 oues,
769 1610 838 1651 uam
871 1592 981 1650 laniare
1010 1594 1056 1651 est
1086 1592 1305 1659 interficerem

125 1690 258 1751 Alieno
281 1692 319 1753 in
346 1710 497 1768 corpore
521 1695 546 1752 ·i·
570 1695 598 1753 iu
622 1696 789 1769 corporibus
804 1696 979 1763 sauctorum,
996 1696 1072 1753 sicut
1087 1695 1176 1753 Paulo
1192 1695 1263 1768 ipse

126 1794 211 1856 dicit:
236 1795 332 1867 Saule,
357 1796 426 1869 quid
444 1812 488 1856 me
504 1799 706 1873 persequeris?
729 1798 795 1858 Nou
812 1797 885 1857 dixit
900 1816 978 1858 meos
1000 1800 1125 1871 sanctos,
1148 1798 1180 1856 in
1204 1799 1263 1858 hoc

125 1898 309 1957 manifestum
325 1904 380 1971 est,
397 1902 474 1975 quod
491 1903 561 1962 deus
573 1903 605 1963 in
617 1905 725 1963 sanctis
737 1902 912 1977 martyribus
922 1901 1042 1976 patitur.
1066 1901 1260 1960 Emeritus

125 2000 152 2056 ·i·
175 2000 339 2075 perfectus3
375 2020 484 2063 merere
507 2020 559 2076 per
581 2021 596 2063 e
618 2006 734 2064 breuem
756 2004 895 2076 uicinus;
918 2004 1026 2062 milites
1050 2003 1184 2061 dicuntur
1206 2006 1259 2077 qui

125 2104 237 2177 expleto
252 2106 491 2180 quinquagesimo
507 2125 583 2167 anno
599 2109 783 2168 cessabanta
797 2108 903 2166 militia
918 2110 948 2165 et
964 2106 1085 2165 dabatur
1100 2108 1142 2165 eis
1158 2107 1259 2181 aliqua
1271 2136 1299 2174 ις,

123 2206 263 2279 dignitas,
293 2209 358 2267 inde
390 2211 526 2270 emeritus
555 2212 661 2271 dicitur·
689 2214 767 2271 totus
795 2212 953 2286 perfectus.
998 2212 1072 2271 Nec
1100 2226 1199 2269 mora
1228 2212 1256 2269 ·i-

124 2310 186 2370 siue
208 2329 296 2373 more.
327 2314 482 2387 Postquam
498 2314 628 2373 Christus
651 2315 789 2375 duodenis
805 2318 876 2387 erat,
893 2316 1027 2374 iuuentus
1043 2314 1132 2372 estin
1148 2314 1257 2387 templo

124 2414 235 2476 docens.
260 2417 290 2475 Si
312 2415 418 2491 aliquis
442 2418 519 2477 dicat
541 2418 745 2491 interrogando
767 2436 855 2493 quare
871 2418 975 2477 dixerit
996 2413 1059 2476 ‘nec
1073 2412 1173 2495 more',
1189 2434 1256 2475 cum

123 2536 259 2593 magnum
282 2522 408 2595 spatium
430 2523 470 2581 sit
491 2524 567 2581 inter
588 2523 646 2580 XII
668 2524 696 2581 et
719 2522 796 2580 XXX
818 2539 917 2593 annos,
941 2523 1079 2595 quantum
1101 2522 1137 2580 ad
1160 2520 1254 2578 homi-

122 2639 190 2682 nem
212 2625 347 2697 pertinet,
371 2627 526 2699 respondet
547 2642 598 2699 per·
619 2626 806 2701 parenthesin
828 2626 855 2683 ·i·
879 2625 1075 2698 interpositam
1098 2623 1253 2682 dictionem
1265 2653 1294 2691 20

122 2741 187 2785 cum
209 2726 445 2801 interrogatione.
483 2728 619 2788 Fluens
642 2729 668 2786 .i-
692 2744 826 2789 nascens.
863 2729 976 2787 Alludit
998 2731 1092 2801 poeta.
1116 2727 1182 2786 Nou
1208 2731 1253 2786 est

121 2827 234 2901 mirum,
259 2831 363 2905 inquit,
387 2848 474 2904 super
497 2848 528 2890 se
550 2832 704 2905 prophetat
718 2832 781 2891 siue
797 2848 937 2905 sermone,
954 2833 1023 2904 quia
1038 2833 1148 2904 patrem
1164 2831 1252 2889 habet

121 2933 241 2993 mutum.
287 2934 508 3007 Spiramina.
552 2935 652 3009 Spirae
686 2935 806 2995 dicimus
844 2936 1038 2995 reuolutioues
1075 2933 1188 2993 lunium
1222 2934 1253 2991 in

122 3035 256 3109 nauibus,
278 3036 347 3095 hino
371 3038 530 3111 spiramina
561 3039 701 3111 quaedam
725 3037 796 3097 dicit
821 3040 920 3098 uocari
943 3037 1136 3096 reuolutiones
1159 3036 1258 3097 ·VIII.·

120 3141 269 3200 meusium.
310 3141 416 3201 Verum
439 3142 507 3216 quia
529 3141 583 3201 hoc
599 3143 728 3216 exemplo
745 3143 833 3213 caret,
850 3143 951 3200 melius
967 3140 1088 3199 dicimus
1103 3140 1290 3209 taciturna25

120 3244 279 3318 spiramina
318 3246 387 3304 noui
423 3245 531 3304 mensis
573 3245 741 3305 emissiones
779 3248 809 3304 et
845 3244 1085 3318 reciprocationes
1129 3243 1251 3318 spiritus

119 3348 279 3421 prophetae
295 3348 359 3408 sine
376 3365 445 3408 uoce
460 3366 551 3423 usque
567 3350 602 3408 ad
619 3349 802 3409 natiuitatem
817 3349 966 3408 Iohannis.
1005 3348 1151 3407 Tollere
1175 3364 1251 3406 cum

119 3450 213 3509 dicit
236 3450 362 3527 exponit,
385 3453 459 3525 quod
483 3452 554 3511 dicit
575 3453 694 3511 ueniens
717 3453 867 3526 peccatum
889 3452 990 3511 tollere
1013 3451 1122 3511 muudi.
1160 3451 1249 3510 Mihi

119 3554 146 3611 ·i·
170 3554 311 3628 omuibus,
341 3570 373 3614 se
402 3556 476 3613 enirn
504 3573 555 3629 pro
584 3557 715 3616 omnibus
737 3557 843 3630 posuit.
888 3556 1046 3614 Decutit
1069 3554 1095 3611 ·i·
1117 3554 1250 3628 expellit.

118 3657 199 3716 Non
228 3657 434 3717 obfuscata
462 3658 489 3715 ·i·
519 3676 577 3717 non
600 3659 764 3731 denigrata,
788 3675 845 3717 uon
868 3659 971 3717 obscur
991 3659 1031 3716 ta.
1070 3658 1150 3715 Siout
1173 3657 1286 3720 enimse

116 3760 175 3836 lux,
191 3778 255 3820 cum
270 3762 300 3819 in
315 3761 449 3821 tenebras
465 3762 555 3834 uenit,
572 3762 645 3821 nihil
657 3760 843 3821 obscuritatis
858 3762 974 3835 accipit,
991 3763 1039 3819 sed
1056 3760 1153 3835 potius
1168 3760 1248 3833 ipsas

116 3864 251 3925 tenebras
269 3859 429 3946 (decutit),
453 3865 494 3923 ita
508 3865 641 3924 Christus
657 3883 830 3939 quamquam
846 3881 962 3924 carnem
981 3863 1116 3938 suscepit,
1139 3862 1249 3922 nullam

116 3970 213 4027 umen
236 3969 378 4027 maculam
400 3968 495 4027 camis
510 3969 537 4027 ·i·
552 3968 664 4042 peccati
683 3969 713 4027 in
729 3985 759 4026 se
782 3968 876 4042 ipsum
899 3966 1013 4041 accipit.
1042 3967 1205 4025 Attactu
1221 3966 1247 4024 ·i.

219 4135 286 4192 iol.
304 4137 374 4205 Aug.
393 4135 425 4189 de
443 4152 463 4191 e.
483 4135 525 4190 dei
543 4135 558 4190 Ι
578 4137 628 4190 155
733 4136 765 4190 12
783 4135 817 4189 cl.
836 4136 896 4189 Act.
914 4136 940 4200 9,
960 4134 993 4189 14

167 4291 266 4359 2fert.
285 4308 353 4360 quae
444 4265 573 4361 8pimrta
590 4294 615 4359 (r
632 4307 697 4345 cm.
710 4293 738 4361 2)
754 4292 782 4343 A
874 4291 908 4343 10
926 4290 1006 4343 aluna
1023 4290 1051 4341 A
1141 4288 1175 4341 24
1192 4288 1247 4355 spi-

115 4379 234 4433 rasmiua
253 4380 338 4445 (mina
355 4380 387 4434 ia
404 4382 471 4449 res.)
490 4382 518 4433 A
616 4380 649 4433 32
668 4378 781 4447 decutit]
801 4378 900 4433 addidi
918 4378 953 4445 cf.
973 4377 1064 4431 Oaros.
1083 4392 1106 4430 o.
1125 4378 1177 4428 154

114 4501 149 4555 aa
166 4472 267 4586 accitu
285 4502 310 4569 (c
327 4520 346 4557 a
363 4520 397 4560 m.
409 4504 440 4572 2)
460 4503 487 4555 A
