3106 5258
252 437 313 503 192
752 434 885 489 Sedulii

249 626 449 709 portarum
485 629 651 689 tuarum.
703 623 913 689 benedixit
957 624 1071 689 filios
1117 626 1204 689 tuos
1248 626 1287 691 in
1330 628 1380 708 te,

249 729 316 810 qui
360 729 494 810 posuit
531 728 633 791 fines
672 733 759 791 tuos
798 746 949 808 paoem,
987 734 1019 791 et
1058 731 1168 792 uetera.
1215 729 1378 794 audiamus

249 834 352 913 ipsum
376 849 496 912 quoque
524 850 629 895 rerum
652 832 790 895 omniurn
818 831 1010 895 conditorem
1038 831 1071 893 in
1101 832 1272 914 euangeliis
1303 833 1377 910 suis,

248 942 440 998 sacrosancto
464 953 605 998 sermone
629 937 715 998 euius
738 952 805 998 esse
826 934 1009 998 memorarit
1029 934 1112 998 hano
1134 934 1261 999 urbem:
1286 936 1378 1014 dieo,

248 1037 394 1119 inquit,
417 1037 537 1102 uobis
559 1056 634 1101 non
657 1040 794 1102 iurare
817 1039 972 1102 omnino
995 1041 1376 1121 nequeperoaelnm,
1402 1068 1417 1108 5

249 1140 341 1220 quia
377 1141 547 1205 thronus
581 1141 651 1205 Dei
685 1143 763 1218 est,
808 1159 933 1223 neque
974 1160 1042 1222 per
1079 1146 1240 1219 terram,
1285 1143 1378 1223 quia

248 1245 467 1308 scabellum
490 1248 551 1308 est
573 1244 713 1325 pedum
743 1244 846 1322 eius,
870 1263 992 1327 neque
1022 1263 1088 1327 per
1116 1244 1377 1323 Hierusalem,

249 1347 342 1427 quia
365 1346 512 1411 ciuitas
535 1347 662 1430 magni
684 1350 791 1430 regis
815 1351 886 1413 est.
915 1349 1078 1430 tamquam
1097 1351 1123 1413 si
1146 1349 1261 1413 diceret
1285 1368 1377 1425 mea,

249 1450 330 1530 quod
354 1452 492 1532 apertius
524 1450 737 1515 dissimulauit
765 1453 994 1535 exprimerent
1024 1451 1202 1517 humilitate
1225 1452 1375 1516 sermonis

249 1552 373 1617 eulmen
396 1572 470 1617 suae
493 1555 641 1635 panderet
665 1554 850 1619 maiestatis,
872 1552 920 1619 ita
942 1556 1025 1619 enim
1050 1574 1121 1619 oum
1144 1556 1276 1633 doceret,
1307 1574 1375 1618 anr-
1389 1585 1414 1622 io

249 1654 369 1719 monuit
403 1656 521 1720 dicens:
561 1655 704 1720 tollite
737 1658 872 1737 iugum
905 1676 1031 1722 meum
1077 1677 1196 1739 super
1236 1677 1302 1723 uos
1340 1662 1375 1722 et

228 1758 399 1821 'disoite
422 1776 440 1820 a
462 1778 533 1836 me,
564 1758 654 1839 quia
676 1759 788 1823 mitis
811 1779 894 1823 sum
917 1762 954 1824 et
980 1761 1145 1825 humilis
1168 1762 1291 1826 eorde.
1325 1761 1378 1824 hio

250 1864 297 1924 est
326 1862 379 1926 ubi
407 1862 493 1945 regia
522 1861 619 1926 fuluis
650 1863 721 1926 aula
742 1863 840 1927 tholis
868 1863 1015 1942 inradiat,
1044 1866 1098 1929 ubi
1120 1869 1227 1948 petens
1251 1867 1372 1945 ancipit,

249 1981 400 2046 quaerens
424 1964 555 2043 inuenit,
579 1965 719 2047 pulsanti
742 1984 813 2029 mor
835 1968 995 2047 panditur.

198 2090 237 2152 28
290 2086 351 2149 Hio
372 2088 427 2151 ille
449 2086 603 2168 pretiosus
626 2090 672 2151 est
695 2087 785 2171 lapis,
808 2089 862 2171 qui
885 2089 922 2154 ab
943 2089 1177 2155 aedificantibus
1193 2089 1377 2170 reprobatus
1388 2115 1412 2155 1⁵

248 2190 281 2253 iu
303 2190 411 2273 anguli
434 2192 514 2254 nitet
537 2192 637 2272 capite
661 2192 864 2258 constitutus:
888 2194 976 2258 euius
1000 2212 1077 2258 onus
1099 2194 1193 2258 nimis
1215 2196 1283 2259 leue
1307 2212 1376 2257 sen-

249 2293 338 2371 titur,
362 2295 450 2358 onius
472 2294 582 2377 iugum
607 2314 702 2360 suane
724 2298 895 2379 plurimum
918 2297 1137 2381 conprobatur.

290 2416 393 2499 Igitur
430 2435 485 2497 por
522 2417 645 2497 digesta
678 2420 829 2498 quaedam
866 2418 980 2481 ueteris
1012 2420 1193 2483 testamenti
1223 2418 1374 2482 miracula

249 2519 430 2597 retulimus,
464 2537 618 2600 quaenam
648 2520 742 2583 Pater
765 2521 838 2584 Filii
877 2521 1030 2585 consortio
1060 2522 1226 2602 sanctoque
1255 2519 1372 2601 Spiritu

249 2640 354 2687 secum
377 2621 513 2704 gesserit
536 2622 718 2685 constituto.
741 2641 794 2702 por
817 2621 938 2703 digesta
961 2623 1106 2686 similiter
1131 2625 1278 2703 quaedam
1302 2622 1412 2685 nouiao

249 2723 432 2789 testamenti
461 2724 615 2787 miracula
637 2724 815 2802 referemus,
848 2743 1002 2806 quaenam
1025 2724 1125 2787 Filius
1147 2727 1281 2789 Paterno
1305 2741 1374 2786 oon-

248 2827 344 2890 sortio
367 2829 534 2906 sanctoque
558 2826 678 2907 Spiritu
701 2846 807 2890 secum
829 2828 962 2912 gesserit
984 2828 1164 2905 oonst'tuto,
1189 2830 1225 2891 ut
1247 2826 1372 2892 deitatis

248 2948 310 2994 una
343 2928 483 3010 potentia
513 2929 714 3010 inseparabili
743 2947 864 3013 semper
894 2930 1012 2995 uirtute
1041 2929 1206 3012 conspicua
1238 2933 1269 2994 et
1297 2928 1373 2992 sim-

348 3166 578 3229 4111111115,
597 3166 631 3220 34
643 3184 665 3223 s.
770 3169 801 3221 ll
823 3167 922 3223 Mattla
942 3170 982 3235 11,
1001 3168 1035 3222 29

298 3391 313 3444 1
332 3356 401 3444 orris
419 3355 479 3443 ab
499 3391 525 3456 (i,
544 3391 555 3442 r
573 3406 638 3445 am.
650 3392 681 3455 a)
699 3391 731 3457 P,
756 3390 829 3445 filios
841 3394 903 3445 euos
921 3391 983 3458 He,
1011 3390 1190 3446 1111111
1275 3392 1292 3445 e
1310 3392 1376 3458 fore.

246 3494 381 3562 euangelii
399 3493 441 3546 sui
459 3496 627 3547 sacrosancto
645 3508 764 3548 sermone
866 3494 884 3548 4
901 3493 958 3547 dico
976 3495 1065 3547 antem
1083 3510 1099 3549 o
1196 3496 1212 3548 5
1231 3494 1325 3562 inquid
1342 3495 1374 3559 P,

247 3582 343 3700 inquid
356 3618 484 3682 (coram.
497 3616 527 3683 2)
540 3616 575 3670 H
658 3615 827 3669 6tronnsH
911 3614 1097 3669 lhieruealem
1110 3616 1142 3681 P,
1169 3616 1376 3684 iherosolymam

246 3738 290 3802 H,
326 3736 502 3790 hierusolima
519 3736 548 3792 R
651 3702 799 3791 8s¹dicnet
817 3738 844 3791 P
943 3737 1030 3806 9qui
1047 3738 1166 3805 apertius
1184 3756 1201 3792 o
1219 3737 1292 3806 (quia
1308 3737 1374 3803 fort.

245 3857 278 3912 ia
294 3856 315 3909 1
327 3856 434 3924 fuerat)
530 3855 564 3909 10
582 3829 638 3910 obrn
657 3858 685 3910 P
778 3857 928 3911 ammonuit
946 3856 1034 3912 PBH
1131 3857 1165 3910 13
1183 3858 1259 3910 stolis
1277 3856 1313 3909 H

247 3960 351 4028 petens]
371 3960 464 4027 potens
483 3959 517 4011 H
614 3958 648 4012 14
665 3960 783 4026 aperitur
800 3959 835 4012 H
934 3959 967 4012 15
986 3973 1142 4013 1111111111
1160 3973 1306 4013 11111111
1325 3974 1375 4016 err

246 4079 296 4118 ner
319 4052 373 4117 ruffi
394 4061 435 4129 R,
466 4077 516 4116 om.
540 4062 592 4115 Ho
695 4062 755 4115 heio
781 4062 853 4118 Gall.
956 4050 1123 4130 1311111111ι
1227 4063 1277 4130 est]
1302 4062 1374 4115 eninr

246 4183 262 4221 o
366 4168 397 4220 17
424 4167 622 4235 comprobatur]
651 4166 814 4220 Trinitatem
840 4165 960 4222 adstruit
986 4166 1111 4221 aduersus
1138 4166 1250 4219 Arrium
1277 4169 1304 4219 et
1329 4167 1375 4219 Sa-

247 4270 392 4324 bellinmo
496 4271 529 4324 19
547 4287 687 4339 quonamq3
706 4272 734 4324 Ρ
833 4270 866 4325 21
890 4271 1029 4326 referimus
1047 4273 1079 4339 P,
1115 4271 1260 4325 referamus
1278 4270 1314 4323 H

247 4372 282 4427 23
299 4372 484 4441 inseparabilis
502 4375 530 4429 P
