3106 5250
509 453 658 522 Remigii
681 455 860 523 expositio.
1190 454 1255 521 345

120 650 155 707 de
181 648 280 706 littera
301 648 411 706 transit
432 650 467 707 ad
483 648 645 720 spiritalem
669 650 857 709 intellectum.
891 652 1049 710 Amoeno
1071 651 1098 710 ·i·
1121 649 1251 723 pulchro.
1261 672 1282 702 v·
1296 663 1374 705 Η

120 752 264 809 Amoenus
293 750 372 809 locus
404 750 509 809 dicitnr
539 754 625 824 aptus
648 753 801 825 uoluptati.
847 754 977 812 Palma.
1015 754 1115 811 Palma
1148 753 1254 811 dicitur

120 853 203 925 quasi
241 852 319 924 pacis
352 852 439 929 alma,
474 870 507 912 eo
541 854 616 926 quod
649 855 808 915 uictoribus
843 858 929 915 datur
961 858 1007 915 uel
1040 872 1073 914 eo
1108 857 1181 929 qnod
1216 855 1252 913 ad

120 955 337 1014 similitudinem
380 973 480 1014 manus
517 958 556 1015 sit
598 958 697 1017 insita.
754 960 794 1018 Et
828 959 901 1017 bene
938 960 1033 1017 iustus
1070 959 1254 1031 eomparatur

98 1060 242 1134 spalmus,
280 1058 348 1130 qnia
384 1076 441 1117 non
479 1060 565 1118 habet
602 1062 698 1133 palma
734 1061 932 1120 fortitudinem
971 1064 1000 1120 et
1033 1060 1252 1118 fundamentum

119 1163 150 1219 in
173 1162 278 1234 radice,
303 1162 379 1218 sieut
401 1163 474 1220 aliae
497 1163 625 1237 arbores,
649 1164 700 1222 sed
719 1165 801 1223 exilis
818 1168 862 1225 est
878 1166 951 1223 etin
967 1164 1132 1223 summitate
1155 1180 1252 1222 crassa

119 1264 215 1338 ibique
253 1264 341 1322 habet
378 1264 610 1337 fundamentum,
655 1267 696 1325 ita
733 1270 762 1325 at
799 1268 892 1326 saneti
929 1285 989 1327 non
1026 1267 1183 1340 respiciunt
1221 1266 1251 1323 in

119 1369 227 1425 terram
257 1384 310 1425 neo
339 1370 440 1426 curant
463 1368 497 1426 de
526 1370 651 1428 terrenis
682 1386 715 1428 ·s·
742 1372 772 1428 in
795 1371 969 1430 caelestibus
1000 1370 1111 1428 habent
1139 1385 1251 1427 omnem

119 1468 329 1531 fortitudinem.
374 1470 532 1530 Libanus
556 1489 637 1531 mons
660 1475 705 1531 est
728 1473 759 1531 in
782 1475 879 1547 Iudae,
904 1475 952 1532 ubi
979 1474 1136 1535 naseuntur
1163 1472 1250 1543 cedri,

86 1588 111 1628 ro
120 1573 278 1634 altissimae
301 1575 418 1633 arbores
441 1578 468 1633 et
492 1574 700 1648 interpretatur
722 1577 850 1636 Libanus
874 1577 1029 1637 dealbatio.
1067 1575 1249 1635 Tacendo:

120 1676 188 1750 quia
209 1679 328 1736 tacendo
353 1679 560 1737 demonstrauit
584 1696 614 1737 se
638 1682 748 1737 mutum
763 1695 836 1749 esse,
860 1696 924 1737 oum
940 1680 1057 1739 solitum
1073 1679 1112 1736 sit
1127 1676 1250 1735 homini·

120 1779 173 1838 bus
196 1796 262 1838 snas
287 1780 472 1840 infirmitates
496 1783 635 1855 loquendo
651 1783 807 1841 declarare.
845 1783 1025 1843 Pharisei
1055 1782 1249 1855 interpretau-

119 1885 168 1941 tur
191 1882 287 1960 diuisi,
311 1883 360 1955 qui
383 1884 484 1942 merito
507 1884 629 1957 speciali
647 1886 813 1943 sanctitatis
835 1902 865 1943 se
888 1903 906 1943 a
928 1888 1023 1946 cetero
1046 1885 1151 1959 populo
1174 1882 1248 1941 diui-

120 1986 236 2046 debant.
269 1986 344 2043 Dioti
368 2005 386 2043 a
409 1987 519 2044 Pharos
542 1987 601 2045 lilio
624 1990 720 2046 Iudae.
760 1990 984 2047 Incumbens
1006 1990 1031 2046 ·i·
1056 1991 1132 2047 retro
1156 1989 1247 2047 stans,

85 2088 320 2159 rsFlagrante
349 2088 376 2145 i·
407 2089 495 2147 nardo
529 2090 654 2161 pretioso
688 2090 846 2149 redolente.
891 2092 1035 2149 Fouens
1063 2091 1088 2149 ·i·
1118 2107 1247 2163 ungens3

118 2191 206 2263 pedes
237 2190 346 2249 domini
369 2192 535 2263 significant
556 2194 619 2250 eins
645 2193 767 2252 humilia
789 2196 925 2265 membra,
957 2195 1007 2253 ille
1030 2193 1117 2267 pedes
1141 2192 1248 2252 domiui

119 2293 201 2351 lauat
234 2294 361 2351 lacrimis
396 2296 426 2351 et
459 2294 548 2367 tergit
576 2294 699 2367 capillis,
730 2295 780 2368 qui
808 2297 982 2369 pauperibus
1017 2296 1191 2369 compatitur
1219 2297 1248 2353 ot

118 2396 320 2455 necessitatem
344 2395 457 2455 illorum
484 2414 563 2455 suam
586 2400 680 2470 putat.
714 2397 869 2470 Vrguento
898 2400 977 2457 fouet
999 2414 1047 2458 eos
1070 2415 1133 2456 cum
1156 2398 1247 2456 bonae

118 2497 261 2570 opinionis
284 2499 398 2556 odorem
415 2499 449 2556 de
468 2516 498 2557 se
514 2500 630 2559 emittit.
666 2499 753 2558 Nulla
768 2502 846 2559 enim
862 2518 964 2559 manus
980 2517 1070 2560 uacua
1086 2519 1103 2560 a
1118 2517 1246 2569 munere,

83 2602 199 2660 monins
230 2618 297 2659 arca
329 2602 422 2660 cordis
451 2604 537 2675 plena
564 2602 652 2661 fuerit
680 2604 754 2661 bona
782 2605 943 2666 uoluntate.
988 2604 1246 2676 capharnaum

117 2704 222 2763 ciuitas
245 2709 289 2764 est
322 2706 352 2764 in
388 2714 481 2765 monte
505 2707 598 2766 Tabor
626 2708 729 2781 posita.
776 2709 971 2783 synagoga
1000 2709 1105 2766 dieitur
1128 2724 1246 2778 congre·

117 2809 195 2881 gatio
225 2810 300 2869 sicut
329 2811 451 2869 ecclesia
478 2812 646 2871 connotatio
677 2811 723 2870 uel
751 2814 917 2871 conuentus.
954 2814 1025 2871 Erat
1047 2813 1147 2870 domus
1169 2810 1245 2884 apud

117 2910 231 2983 Indeos,
254 2930 327 2985 quae
351 2930 502 2987 synagoga
523 2915 689 2983 uocabatur,
718 2916 747 2972 in
771 2932 855 2987 qnam
879 2914 1087 2973 conueniebant
1109 2914 1155 2973 die
1178 2916 1245 2973 sab·

118 3012 178 3069 bati
202 3015 237 3072 ad
261 3015 432 3073 audiendam
456 3020 486 3073 et
509 3018 667 3075 docendam
689 3018 792 3090 legem,
816 3019 893 3075 siout
908 3034 984 3075 nuno
1006 3017 1034 3075 iu
1059 3018 1180 3075 ecclesia
1202 3016 1245 3075 fit.

82 3115 293 3174 asProt-eruo
317 3117 344 3173 ·i·
368 3118 509 3188 horribili,
544 3121 697 3191 proteruus
730 3120 835 3177 dicitur
867 3121 952 3191 quasi
981 3135 1065 3191 porro
1094 3121 1193 3177 toruus
1217 3119 1244 3179 ·i.

118 3218 201 3276 ualde
223 3220 379 3279 horribilis.
414 3220 503 3289 Quid
532 3221 636 3280 nobis
659 3226 695 3281 et
717 3222 789 3280 tibi
813 3239 845 3279 ·s·
867 3238 1013 3281 commune
1035 3224 1081 3281 est
1103 3222 1150 3281 uel
1168 3222 1245 3295 quod

116 3323 199 3379 nobis
221 3322 357 3395 pertinet.
392 3323 447 3381 Cur
468 3340 519 3381 nos
542 3324 650 3383 uenisti
672 3325 825 3398 perdere
848 3326 875 3382 ·i·
898 3326 1043 3384 damnare.
1074 3326 1118 3384 Et
1140 3340 1244 3383 sano·

116 3428 190 3483 tum
213 3441 244 3481 .s·
267 3428 297 3482 te
312 3442 374 3483 esso
393 3426 483 3484 filiurn
500 3426 553 3483 dei.
577 3426 690 3485 Minora
705 3426 780 3485 enim
796 3426 932 3486 dicebant
947 3426 1125 3501 demonibus,
1141 3426 1244 3501 quibus

116 3530 270 3599 utcumque
304 3528 475 3601 promissum
507 3531 552 3586 est
576 3546 660 3588 nosse
682 3530 772 3588 filium
795 3532 925 3589 sanctum
948 3530 1012 3609 Dei,
1043 3531 1155 3590 minora
1177 3545 1243 3590 nero

82 3642 109 3683 eo
117 3630 290 3706 nescierunt,
313 3648 403 3705 usque
419 3632 485 3691 dnm
500 3630 595 3705 gloria
610 3636 640 3690 et
662 3631 801 3692 fortitudo
824 3634 886 3691 eius
900 3632 988 3706 fregit
1004 3634 1159 3693 infamum.
1183 3634 1240 3691 De·

116 3749 215 3791 mones
239 3735 316 3792 enim
339 3735 469 3807 quamuis
493 3735 666 3808 dignitatem
689 3736 884 3809 perdiderunt,
907 3740 1040 3796 naturam
1060 3738 1159 3796 tamen
1175 3752 1241 3795 non.

116 3836 189 3893 Sunt
222 3838 296 3895 enim
319 3840 352 3894 ut
374 3838 444 3895 dicit
478 3838 660 3909 Augustinus
693 3855 810 3911 corpore
843 3840 923 3899 aeria
955 3840 1102 3911 animalia,
1136 3839 1242 3912 spiritu

116 3941 243 4013 aeterna,
272 3940 365 3999 animo
388 3939 514 4013 maligna
537 3943 566 3999 et
588 3943 656 3999 siunt
677 3944 797 3999 naturae
821 3941 980 4001 subtilioris
1003 3943 1122 4016 ideoque
1144 3940 1243 4000 futura

116 4041 268 4115 aliquando
302 4042 473 4115 praeuident
526 4042 594 4100 'l'ria
632 4042 743 4101 latuere
776 4042 935 4102 diabolum:
974 4046 1074 4116 partus
1107 4042 1240 4117 uirginis,

80 4144 251 4203 ssdininitas
274 4145 406 4216 hominis,
430 4144 528 4218 passio
551 4145 750 4218 redemptoris.
796 4146 976 4205 Demonas
1003 4148 1136 4205 accentus
1160 4162 1241 4219 grae·

164 4378 198 4431 21
211 4376 356 4430 cnaeus
437 4376 601 4446 acorion
681 4352 871 4432 aureati
951 4380 1170 4435 ablactantur
