3106 5250
272 448 336 513 230
768 446 903 499 Sodulii

272 637 325 717 qui
352 635 500 701 trucidat.
539 634 571 698 in
593 635 652 698 hoc
674 637 758 699 enim
780 652 835 715 per
857 637 951 700 bonos
974 634 1093 699 fructus
1117 634 1209 699 arbor
1233 637 1280 699 est
1306 635 1400 716 uitae,

270 739 304 803 in
341 738 397 802 illo
434 758 489 819 per
525 738 626 803 malos
664 738 754 801 radix
794 737 1069 818 praeuaricationis
1109 738 1264 819 antiquae.
1314 740 1401 801 actus

269 860 403 922 namque
441 841 561 904 fruetus
598 841 742 922 intellegi
778 841 960 923 euangelica
996 841 1090 905 lectio
1125 841 1308 921 declarauit,
1347 839 1402 903 ubi

271 944 422 1009 Dominus
445 945 547 1009 uarias
576 944 772 1009 diuersorum
794 946 915 1009 mentes
938 945 1082 1026 aperiens
1105 963 1141 1007 ex
1167 944 1232 1007 suis
1249 961 1402 1025 quemque

269 1047 423 1112 fructibus
439 1049 471 1113 id
487 1048 534 1112 est
549 1066 585 1112 ex
600 1048 743 1129 operibus
758 1048 852 1112 iussit
867 1048 994 1129 agnosci
1009 1049 1129 1112 dicens:
1148 1066 1190 1111 ex
1205 1046 1401 1110 fructibus
1423 1066 1436 1106 ι

269 1169 403 1216 eorum
433 1150 681 1234 cognoscetis
704 1168 774 1215 eos.
813 1151 968 1233 siquidem
984 1152 1101 1232 quanta
1115 1151 1266 1215 distantia
1282 1150 1402 1213 caelum

270 1256 430 1337 separatur
458 1272 478 1319 a
506 1255 608 1331 terris,
637 1255 720 1337 ignis
749 1255 788 1318 ab
817 1253 916 1336 aquis,
947 1254 1054 1318 lumen
1084 1272 1102 1318 a
1131 1254 1277 1326 tenebris,
1301 1271 1361 1334 par
1384 1272 1402 1316 a

270 1358 371 1435 bellis,
402 1358 469 1422 uita
500 1357 705 1422 nihilominus
726 1376 745 1421 a
767 1358 950 1440 sepulchris,
985 1361 1109 1422 tantum
1143 1374 1275 1439 magnae
1298 1374 1399 1420 remo·

269 1461 364 1527 tionis
393 1463 539 1526 abscessu
569 1462 694 1544 longius
726 1462 806 1524 bona
841 1461 1058 1527 discernuntur
1087 1479 1106 1524 a
1134 1460 1236 1525 malis.
1284 1461 1399 1542 duplex

270 1565 387 1629 etenim
410 1584 533 1647 semper
555 1565 665 1629 electio
681 1564 914 1631 deliberationis
931 1568 1056 1629 nostrae
1071 1563 1244 1628 famulatur
1259 1562 1437 1644 arbitrio,1o

271 1687 331 1751 quo
353 1669 406 1733 uel
429 1669 573 1733 dextrum
597 1670 758 1734 teneamus
774 1669 937 1733 tramitem
953 1668 1004 1732 uel
1018 1668 1193 1748 sinistrum,
1217 1684 1279 1731 non
1299 1666 1400 1750 ignari

271 1772 323 1837 uel
354 1771 440 1837 dubii
463 1772 605 1839 dextram
635 1773 781 1836 semitam
805 1790 872 1835 esse
895 1771 1050 1838 iustorum
1072 1773 1106 1836 in
1127 1770 1272 1837 Abrahae
1296 1767 1400 1834 Patri·

270 1874 382 1940 archae
419 1874 491 1940 sinu
528 1875 732 1959 laetantium,
767 1877 890 1940 laeuam
925 1895 997 1941 uero
1034 1875 1195 1957 profundis
1232 1872 1400 1956 impiorum

270 1978 432 2060 suppliciis
454 1980 647 2060 deputatam,
669 1978 750 2063 unde
771 1979 878 2045 nullus
901 1977 940 2042 ad
962 1979 1096 2043 alterum
1118 1998 1172 2060 per
1194 1983 1262 2043 tam
1284 1974 1400 2059 grande

270 2082 363 2147 chaos
393 2084 426 2147 et
455 2083 606 2163 abruptae
632 2082 725 2147 molis
748 2083 927 2146 inmensum
960 2083 1067 2147 ualeat
1102 2084 1293 2147 transmeare
1316 2079 1436 2161 peri-rs

270 2186 386 2250 culum.
425 2185 502 2249 haec
532 2189 579 2249 est
609 2185 709 2268 igitur
738 2186 826 2250 nobis
857 2185 988 2255 libertas
1019 2186 1175 2268 optabiha
1206 2189 1242 2249 ut
1272 2201 1345 2250 oues
1368 2185 1401 2246 et

269 2287 341 2371 agni
362 2287 479 2351 summi
494 2289 628 2369 pastoris
644 2288 672 2351 si
688 2289 839 2353 fuerimus
855 2288 943 2369 digni
959 2289 1085 2366 censeri,
1101 2293 1206 2352 toruos
1223 2304 1400 2351 mereamur

269 2392 334 2473 lupi
357 2409 478 2455 morsus
500 2391 631 2457 euadere
650 2393 742 2473 atque
758 2391 946 2456 suauissima
962 2390 1080 2457 Christi
1103 2409 1157 2473 per
1179 2409 1296 2473 pascua
1318 2389 1400 2471 largi

269 2494 355 2560 floris
378 2495 567 2561 amoenitate
589 2496 771 2580 gratissima
793 2495 894 2560 uitam
916 2513 1041 2576 carpere
1063 2498 1126 2559 iam
1148 2512 1298 2559 securam.

373 2753 390 2804 5
411 2754 444 2805 cf.
463 2753 563 2805 Matth.
582 2754 606 2815 7,
625 2754 657 2806 16

324 2989 437 3045 larbor
450 2992 491 3043 est
509 2992 547 3058 (st
566 2994 646 3059 corr.)
665 2992 698 3055 Ρ,
728 2990 847 3044 arborem
865 2991 950 3055 HBI,
979 2990 1085 3044 arbores
1103 3006 1119 3044 c
1137 2993 1228 3058 (arbor
1247 2990 1330 3053 Gall.)

257 3128 287 3217 ,2
313 3144 362 3197 per
387 3144 438 3182 om.
465 3128 494 3182 P
593 3128 610 3182 3
637 3102 790 3215 ἁοοῑιιιιιῖιιι
816 3128 844 3194 (u
868 3143 886 3179 a
904 3143 939 3180 m.
958 3128 989 3193 2)
1017 3129 1045 3181 P
1146 3128 1164 3181 4
1190 3127 1278 3181 uarios
1306 3126 1334 3178 P

270 3265 406 3334 apecriens
424 3267 452 3320 Β
555 3230 600 3319 sus
618 3266 646 3319 Β
753 3266 838 3322 bide
861 3266 927 3321 PB¹
1040 3266 1159 3347 agnosici
1182 3266 1210 3319 P
1310 3265 1399 3332 deos]

270 3369 307 3423 nt
330 3369 411 3423 multi
434 3370 499 3421 sunt
521 3368 596 3439 aliiq;
620 3373 784 3438 cognoscunt
808 3369 942 3439 sequidem
968 3370 996 3423 P
1097 3370 1113 3422 7
1140 3371 1280 3438 superatur
1307 3368 1334 3422 P

270 3490 288 3545 8
306 3504 401 3558 magne
418 3488 486 3543 ΡΗ1
589 3490 606 3543 9
624 3490 733 3559 longuis
752 3491 789 3545 P¹
893 3463 1081 3543 discernantur
1099 3492 1127 3556 (n
1145 3505 1164 3541 a
1180 3505 1215 3542 m.
1229 3492 1256 3553 2)
1276 3477 1338 3541 PH

271 3594 306 3647 10
327 3591 476 3646 famulatus
498 3595 540 3645 est
563 3593 594 3645 Η
699 3595 729 3647 11
754 3594 825 3662 quod
850 3593 878 3660 (d
896 3597 967 3662 esp.)
992 3594 1033 3659 R,
1062 3609 1126 3661 quos
1148 3592 1177 3659 (d
1196 3593 1277 3660 eras.)
1302 3591 1333 3644 Η
1392 3607 1393 3610 ’

270 3700 408 3751 teneamus
426 3699 564 3783 teneamus
590 3698 625 3751 H
757 3698 873 3766 ignatias
901 3697 936 3763 P,
970 3697 1105 3766 ignalseri
1133 3696 1161 3751 R
1290 3696 1322 3750 12
1349 3695 1400 3763 nel]

270 3834 318 3872 nec
343 3819 393 3872 Bo
504 3817 603 3872 abrahe
630 3819 658 3872 P
770 3817 922 3887 patriarche
946 3818 974 3871 P
1096 3817 1128 3869 13
1156 3815 1245 3869 lenam
1269 3814 1334 3870 libri

271 3941 305 3995 14
321 3940 470 3994 adelbotum
486 3942 512 4005 (a
529 3943 610 4005 eras.)
629 3940 666 4005 H,
693 3939 727 3993 ad
745 3941 865 3994 ultorum
881 3939 938 3994 Ool.
1034 3938 1065 3992 15
1083 3910 1178 3992 abruto
1196 3938 1223 3991 Β
1309 3936 1401 3990 moelis

271 4059 292 4125 (l
310 4060 389 4126 erce.)
413 4059 441 4112 Β
545 4058 706 4113 immensum
729 4060 757 4115 Β
861 4061 892 4114 16
915 4063 985 4114 uts.
1004 4060 1021 4114 l.
1046 4061 1084 4113 1³¹
1188 4031 1215 4112 et
1236 4061 1265 4124 (u
1282 4073 1352 4113 om.
1371 4059 1401 4124 2)

272 4161 300 4215 P
397 4162 427 4215 17
446 4163 551 4216 torsuos
569 4163 597 4216 Β
693 4164 725 4217 18
742 4163 794 4231 lipi
811 4163 870 4218 HR
961 4164 1121 4217 suauissima
1139 4163 1166 4216 Β
1258 4161 1400 4216 Christi-

272 4265 429 4335 gratissima
446 4281 497 4322 om.
515 4267 543 4320 Β
640 4266 673 4320 19
690 4267 855 4320 amoenitate
872 4268 900 4320 P
992 4267 1174 4335 gratissimam
1193 4265 1222 4319 P
1313 4281 1402 4319 carere

272 4368 299 4422 P
386 4383 516 4423 murem
534 4385 618 4425 arsura
633 4385 676 4424 ·11·
690 4385 840 4425 rucrrrvnn
858 4385 999 4425 carram
1015 4385 1095 4425 nram
1112 4384 1217 4423 ranan.
1237 4371 1402 4436 (sequantur
