3106 5250
274 425 339 491 214
741 448 746 459 ·
779 419 913 474 Sednlii

272 614 435 679 uirtutem.
474 609 587 677 caritas
610 610 704 687 enim,
728 609 860 694 quaein
884 610 949 675 Deo
972 609 1127 685 consistit,
1150 630 1169 675 a
1191 611 1407 676 similitudinis

273 720 304 783 et
332 714 530 799 aequalitatis
559 713 672 797 spiritu
701 731 763 778 non
790 712 917 779 recedit.
963 730 1036 777 nam
1065 714 1120 796 qni
1149 714 1227 779 dixit
1259 715 1309 780 sui
1338 716 1407 801 lege

271 804 429 887 mandati:
447 817 597 901 diliges
618 815 840 899 proximum
862 819 975 881 tnum
998 818 1193 900 tamquam
1210 818 1406 901 teipsum,

271 922 378 991 docuit
406 920 569 1005 diligentis
593 923 625 985 et
653 919 761 985 dilecti
792 919 915 985 nullam
944 919 1013 985 fieri
1041 922 1181 1005 oportere
1211 923 1404 988 distantiam.

270 1047 345 1093 nam
373 1027 406 1091 et
433 1024 467 1089 in
495 1023 637 1105 sequenti
659 1024 755 1089 uerbo
778 1024 859 1105 quod
883 1022 1018 1089 addidit:
1045 1025 1083 1088 in
1106 1042 1178 1107 quo
1201 1025 1298 1091 mihi
1321 1046 1407 1094 con·
1431 1046 1443 1086 ⁵

270 1131 421 1219 placui,
466 1127 664 1211 intellegitur
699 1127 892 1209 potestatem
928 1126 1023 1193 unius
1061 1129 1186 1194 deitatis
1224 1129 1407 1212 explanasse

269 1252 478 1302 communem.
515 1230 588 1314 plus
606 1233 654 1294 est
669 1229 752 1294 enim
768 1229 982 1313 conplacni
1005 1231 1226 1314 dixissequam
1248 1232 1405 1315 placui,

269 1342 343 1423 quia
365 1334 578 1418 conplacni
595 1333 830 1399 conuenientiae
848 1335 979 1399 uerbum
997 1337 1043 1398 est
1062 1337 1095 1399 et
1108 1334 1253 1419 geminae
1269 1336 1405 1401 cernitur

269 1443 435 1509 adhaerere
463 1455 623 1522 personae.
667 1437 750 1519 quod
779 1436 849 1503 ideo
871 1454 931 1501 uox
959 1437 1104 1503 caelestis
1128 1439 1289 1520 expressit,
1312 1441 1349 1504 ut
1373 1443 1405 1505 et

268 1547 365 1613 Pater
392 1545 425 1611 in
446 1541 527 1607 Filio
551 1540 583 1605 et
605 1540 706 1605 Ililius
735 1538 945 1622 conplacuisse
967 1539 1111 1605 uideatur
1133 1542 1167 1606 in
1192 1541 1295 1606 Patre.
1330 1562 1405 1608 nam
1416 1560 1441 1597 ιο

270 1654 302 1716 et
323 1650 392 1733 ipso
415 1649 482 1712 tam
498 1646 655 1711 Paternae
677 1646 763 1709 uocis
787 1662 881 1726 quarn
896 1642 971 1709 Filii
987 1643 1185 1727 baptismatis
1201 1648 1253 1711 uel
1269 1645 1403 1728 Spiritus

269 1751 447 1817 aduolantis
480 1750 665 1833 congregato
699 1749 850 1815 consortio
885 1748 1012 1813 trinitas
1046 1769 1106 1815 uno
1140 1749 1232 1815 fulsit
1262 1771 1298 1815 ex
1327 1753 1403 1835 Deo,

269 1876 329 1940 quo
358 1855 474 1940 dignus
504 1871 566 1918 non
592 1855 730 1917 meretur
759 1852 890 1917 existere
921 1852 976 1935 qui
1004 1870 1064 1919 non
1093 1856 1304 1919 numerarerit
1332 1856 1403 1919 uni-

268 1963 379 2025 tatem.

219 2084 257 2146 lt
310 2080 417 2145 Tunc
439 2078 554 2143 Iesus
582 2076 724 2143 ductus
747 2082 808 2143 est
835 2077 875 2143 in
898 2078 1104 2143 desertum
1126 2097 1146 2142 a
1166 2078 1334 2163 spiritu,
1362 2082 1440 2144 uto

266 2182 534 2266 temptaretur
555 2199 575 2244 a
597 2179 777 2247 diabolo.
815 2183 960 2248 etcum
983 2181 1404 2265 ieiunassotquadra-

266 2288 383 2371 ginta
406 2284 547 2351 diebus
571 2286 609 2350 et
630 2284 898 2370 quadraginta
925 2285 1126 2363 noctibus,
1156 2288 1295 2368 postea
1317 2305 1403 2351 esu-

266 2390 352 2456 riit.
390 2392 428 2455 et
471 2392 656 2455 accedens
694 2391 738 2454 ad
777 2394 861 2455 eum
897 2392 1117 2472 temptator
1151 2390 1254 2455 dixit
1294 2390 1344 2455 ei:
1369 2391 1403 2453 si

267 2495 401 2562 Filius
424 2494 498 2559 Dei
520 2513 575 2573 es,
598 2493 661 2560 dic
682 2494 727 2558 ut
748 2492 906 2575 lapides
928 2493 1001 2559 isti
1023 2512 1141 2575 panes
1159 2493 1271 2559 fiant.
1303 2492 1403 2573 igitur

266 2597 482 2681 temptabatur
519 2616 538 2663 a
574 2597 708 2675 diabolo,
745 2596 817 2662 fidei
850 2616 974 2680 semper
1006 2595 1141 2663 inimico.
1189 2615 1278 2662 nemo
1316 2598 1438 2661 enims

268 2701 467 2767 manifestam
492 2699 644 2765 sitirem
667 2699 807 2774 discutit,
830 2700 891 2765 nisi
913 2702 977 2783 qui,
1000 2700 1107 2767 fallaci
1130 2699 1240 2781 plenus
1264 2700 1400 2784 ingenio.

265 2804 442 2886 compertae
470 2801 600 2866 ueritati
622 2820 685 2866 non
714 2802 813 2867 credit
839 2803 1012 2883 sicutipse
1035 2801 1190 2880 diabolus,
1214 2802 1268 2885 qui
1292 2807 1401 2885 postea

368 3026 389 3080 2
404 3025 493 3081 Galat.
511 3025 537 3091 5,
556 3024 589 3078 14
694 3027 728 3080 15
744 3025 845 3080 Matth.
863 3025 890 3090 4,
910 3025 989 3093 lseq.

318 3235 332 3288 1
361 3232 432 3288 enirn
460 3247 510 3287 orn.
535 3232 569 3286 H
677 3231 740 3286 deos
766 3233 801 3286 H
905 3231 1130 3285 similitudinibus
1156 3233 1184 3285 P
1208 3233 1243 3285 bu
1269 3247 1331 3300 cap.

264 3323 283 3375 2
300 3321 360 3390 lege
378 3320 438 3374 ΗΒ
540 3319 557 3372 3
574 3318 669 3387 diligis
686 3319 755 3373 ΡΗι
773 3322 854 3386 (corr.
868 3334 902 3371 m.
914 3320 955 3386 2),
984 3318 1084 3386 diliges
1102 3318 1130 3372 R
1147 3319 1167 3385 i²
1181 3335 1215 3371 m.
1228 3321 1248 3372 2
1261 3333 1330 3371 corr.

265 3407 284 3461 4
301 3406 392 3459 decuit
409 3404 445 3468 R,
476 3405 557 3459 sicuti
575 3405 604 3459 P
696 3404 855 3472 diligentins
873 3404 902 3460 R
919 3419 990 3458 corr.
1002 3408 1066 3457 m.1
1159 3404 1175 3456 7
1194 3404 1401 3456 dixisse—con·

265 3508 357 3578 placui
375 3524 426 3562 om.
444 3508 472 3562 B
572 3508 866 3595 Sconuenientientiae
883 3508 912 3562 P
989 3508 1074 3561 cernit
1092 3506 1172 3562 HBo
1253 3508 1400 3576 9persona

264 3631 304 3685 P*
321 3645 393 3684 corr.
408 3632 484 3683 m.2
586 3630 614 3682 et
632 3644 681 3683 om.
700 3629 728 3683 R
832 3629 863 3684 11
888 3628 946 3697 ipse
969 3627 996 3681 P
1099 3628 1132 3682 12
1151 3628 1322 3697 congregatio
1339 3643 1400 3681 con-

265 3750 350 3806 sortio
373 3750 417 3814 H,
453 3749 587 3803 consortio
610 3752 814 3818 congregatos
916 3748 1054 3801 trinitatis
1077 3749 1136 3802 ΡΗ
1167 3712 1278 3801 trinitaf's
1301 3749 1329 3801 B

264 3835 384 3904 fulsitd
406 3851 442 3889 ea
463 3837 488 3903 l)
514 3835 542 3889 B
646 3835 680 3888 13
706 3835 804 3904 quim
822 3835 1002 3887 numeraussit
1029 3840 1069 3899 (er
1086 3837 1166 3902 cras.)
1194 3835 1327 3887 unitatem
1354 3835 1398 3898 H,

264 3921 312 3991 qui
328 3921 483 3976 numerauit
499 3920 655 3975 trinitatem
677 3938 694 3976 c
798 3921 830 3975 15
848 3934 899 3974 unx
922 3934 954 3974 sa
978 3935 1115 3975 naamam
1134 3934 1281 3974 mnaseas
1300 3934 1318 3972 s
1336 3934 1399 3972 nrn·

227 4028 230 4034 '
264 4029 335 4073 sono
347 4016 416 4085 RH,
442 4014 581 4072 Christum
594 4013 912 4069 temtatnmadiaboloc
998 4014 1024 4067 d.
1037 4014 1195 4070 estIesusc
1288 4014 1321 4066 16
1340 4013 1398 4066 dia·

264 4134 329 4190 bnlo
357 4136 393 4190 H
490 4134 538 4189 XL
565 4135 677 4191 PRHB
787 4134 820 4189 19
847 4099 973 4204 Ῑαρὶᾶοέὺί
1001 4136 1028 4190 R
1056 4151 1124 4189 corr.
1152 4138 1225 4189 m.2
1328 4133 1398 4187 fiant

264 4263 348 4316 panes
374 4247 407 4303 H
525 4248 559 4301 21
587 4246 640 4301 sibi
668 4247 843 4301 manifestem
870 4248 923 4303 Ho
1043 4221 1151 4315 ingenio
1178 4220 1273 4315 plenis
1300 4247 1328 4302 R

264 4334 299 4387 22
316 4336 422 4405 compto
441 4334 473 4400 P,
504 4336 628 4420 erinperto
647 4332 687 4399 R,
718 4334 847 4401 comperti
864 4333 900 4387 H
1001 4336 1142 4402 postquam
1161 4333 1197 4386 H
