3106 5250
320 470 384 535 352
794 466 979 535 Appendin

319 663 432 735 quaudo
455 662 603 723 dixerunt:
633 660 757 733 Sanguis
779 660 842 720 eius
873 677 961 733 super
985 678 1037 719 nos
1060 664 1089 719 et
1118 677 1203 734 super
1226 660 1301 719 filios
1325 664 1464 720 nostros,

320 764 401 822 Sicut
423 764 497 821 enim
521 763 597 822 falce
619 763 758 821 inciditur
773 762 897 836 foenum,
917 761 960 820 ita
976 763 1058 819 Iudei
1074 764 1132 820 ista
1148 763 1353 822 maledictione
1372 764 1466 822 incisi

170 872 396 926 arse-msam.
441 868 561 939 Vigili
584 868 609 924 ·i·
633 867 740 938 sagaci.
785 867 1149 939 Leuisseprolauare.
1187 867 1355 936 Sacrum,
1382 867 1465 939 quod

317 976 447 1045 praestat
462 971 585 1029 ueniam.
614 970 749 1043 Implet
771 970 906 1029 arundo
928 986 1082 1033 menum:
1105 988 1168 1029 cum
1184 970 1253 1028 dicit
1269 970 1386 1043 implet,
1405 970 1462 1028 de·

317 1077 470 1144 monstrat,
494 1075 570 1146 quod
593 1090 700 1145 magna
728 1072 793 1131 fuit.
830 1073 949 1131 Arundo
977 1072 1052 1130 idem
1075 1076 1120 1131 est
1142 1077 1172 1130 et
1194 1071 1298 1131 ferula.
1347 1073 1498 1147 Scep-s

316 1182 411 1237 trum
439 1176 599 1236 inualidum
622 1178 648 1234 ·i.
672 1176 825 1249 infirmum,
859 1178 928 1249 quia
956 1176 1040 1235 exilis
1070 1181 1098 1234 et
1121 1175 1256 1235 flexibilis
1280 1177 1374 1234 herba
1397 1178 1460 1236 est.

316 1282 476 1341 Vacuum
500 1280 527 1337 ·i·
550 1280 618 1351 quia
645 1296 702 1337 non
731 1279 820 1336 habet
850 1278 1013 1339 medullam.
1057 1278 1208 1351 Moxque
1237 1279 1263 1335 ·i·
1293 1284 1462 1353 postquam

318 1384 420 1443 illusus
443 1383 508 1453 fuit,
533 1383 666 1441 Christus
688 1384 720 1441 in
743 1382 845 1439 alienis
875 1382 1008 1441 uestibus
1031 1381 1136 1439 illusus
1159 1381 1225 1440 fuit.
1259 1382 1460 1455 Allegorizat.

316 1486 379 1545 Hoc
402 1490 519 1560 accepto
537 1485 633 1545 alieno
657 1484 767 1542 dimisit
790 1485 936 1558 proprium
960 1484 1163 1543 uestimentum
1187 1485 1343 1542 etiterum
1370 1503 1461 1546 acce-

316 1589 369 1661 pit,
402 1589 547 1662 significat
575 1590 650 1661 quod
680 1590 861 1660 depositurus
891 1590 953 1646 erat
980 1588 1131 1647 mortalem
1154 1605 1266 1647 carnem
1290 1591 1319 1647 et
1343 1590 1459 1650 iterum
1469 1611 1496 1652 ro

315 1697 485 1767 sumpturus
522 1692 699 1763 resurgendo
733 1692 923 1751 inmortalem.
967 1691 1015 1750 Vt
1049 1692 1229 1750 mutabile
1259 1692 1285 1748 ·i·
1314 1694 1458 1757 mortale.

316 1794 447 1855 Vinum
470 1795 569 1853 felle.
606 1794 695 1852 llirra
718 1801 747 1854 et
770 1795 810 1853 fel
838 1794 1050 1854 amarissimum
1077 1795 1200 1853 reddunt
1222 1796 1329 1857 uinum.
1372 1796 1458 1857 Dis-

316 1898 490 1957 criminis
513 1899 540 1956 .i·
564 1899 708 1972 supplicii.
755 1897 988 1974 Supplicium
1018 1899 1044 1955 ·i·
1074 1903 1256 1961 tormentum.
1288 1898 1358 1957 Ideo
1384 1917 1456 1958 cru-

315 2018 377 2060 cem
400 2002 498 2073 elegit,
525 2007 557 2059 ut
579 2000 672 2059 leuius
695 2020 746 2061 nos
776 2003 953 2061 saluaremus
977 2020 994 2059 a
1016 2002 1130 2062 diabolo
1159 2006 1187 2060 et
1210 2004 1270 2062 eius
1294 2002 1457 2062 fraudibus

315 2104 440 2178 inposito
463 2105 547 2178 signo
571 2106 675 2183 crucis,
699 2107 768 2179 quia
791 2106 817 2164 si
839 2105 986 2178 lapidatus
1009 2106 1122 2179 fuisset,
1139 2109 1171 2165 ut
1186 2106 1268 2165 Iudei
1283 2105 1493 2177 uoluerunt,1o

315 2211 496 2281 portaremus
519 2209 643 2282 lapidem
672 2205 705 2267 in
728 2210 845 2281 signum
868 2211 940 2269 eius.
976 2209 1064 2268 Cruce
1088 2228 1140 2269 sua
1162 2210 1293 2269 dominus
1317 2211 1457 2270 continet

314 2313 407 2370 totum
429 2313 564 2370 mundum
588 2313 750 2385 sicutipse
773 2311 858 2370 dicit:
885 2313 954 2370 Cum
977 2313 1120 2373 exaltatus
1144 2312 1223 2371 fuero
1239 2331 1256 2370 a
1271 2316 1361 2383 terra,
1387 2331 1455 2371 om-

315 2417 367 2474 nia
394 2415 507 2472 traham
531 2416 566 2472 ad
590 2432 633 2473 me
657 2416 760 2487 ipsum.
795 2415 912 2473 Positus
938 2431 1005 2487 ergo
1027 2416 1057 2473 in
1080 2432 1162 2475 cruce
1185 2415 1315 2474 dominus
1337 2417 1456 2476 uertice

314 2518 408 2576 tenuit
431 2518 580 2587 orientem,
609 2517 729 2591 pedibus
756 2519 941 2591 occidentem,
971 2518 1072 2577 dextra
1105 2520 1338 2591 septentrionem,
1363 2517 1457 2578 laeua

315 2621 471 2679 meridiem.
495 2620 560 2679 Hae
583 2623 650 2678 snut
673 2622 811 2694 quattuor
834 2624 933 2692 partes
950 2621 1056 2690 mundi,
1074 2637 1146 2693 quae
1162 2638 1264 2693 graece
1279 2623 1321 2679 ita
1336 2638 1454 2680 uocan-
1465 2642 1493 2683 ae

314 2725 380 2783 tur:
411 2723 513 2781 Oriens
543 2722 691 2795 anathole,
724 2723 858 2781 occidens
888 2722 970 2793 disis,
998 2725 1158 2795 septentrio
1181 2732 1285 2796 arctos,
1310 2725 1454 2785 meridies

315 2827 489 2884 mesimbria.
535 2825 697 2896 Colligit
718 2825 745 2882 ·i·
769 2826 929 2898 coniungit.
974 2824 1077 2884 Tribus
1104 2826 1213 2897 linguis
1244 2827 1372 2899 scriptus
1405 2831 1455 2887 est

315 2928 371 2986 iste
394 2927 512 2986 titulus:
541 2927 675 2987 hebraice
709 2930 826 3001 propter
860 2928 987 2986 diuinam
1022 2929 1205 3002 scripturam,
1243 2930 1276 2985 ut
1308 2928 1454 2989 uidelicet

315 3031 407 3090 omnis
436 3031 539 3103 lingua
567 3033 722 3089 secundum
751 3048 847 3090 uocem
874 3031 998 3103 apostoli
1021 3031 1200 3103 confiteatur,
1225 3032 1292 3102 quia
1314 3032 1454 3092 domiuus

314 3135 399 3193 Iesus
422 3134 555 3193 Christus
585 3135 614 3192 in
644 3134 805 3207 gloriaest
829 3134 874 3192 dei
896 3135 998 3207 patris.
1034 3135 1110 3206 Ergo
1133 3135 1214 3193 Iudei
1238 3134 1329 3192 uelint
1352 3135 1492 3197 nolintaa

314 3237 497 3310 confitentur,
521 3237 588 3309 quia
611 3238 742 3297 Christus
765 3254 814 3296 rex
837 3238 989 3296 Iudsorum
1011 3239 1073 3308 est;
1097 3255 1198 3311 graece
1213 3239 1328 3311 propter
1345 3238 1453 3298 huma-

314 3358 380 3399 nam
395 3341 578 3413 sapisntiam,
600 3343 667 3413 quia
682 3341 784 3400 Graeci
800 3341 907 3400 multas
923 3344 1000 3400 artes
1016 3341 1206 3410 inuenerunt;
1222 3340 1310 3398 latine
1325 3347 1453 3413 propter

314 3459 458 3502 romanam
485 3444 654 3520 potentiam,
686 3444 817 3502 omnibus
843 3446 980 3516 gentibus
1003 3461 1091 3517 paene
1114 3445 1305 3517 imperabant.
1350 3443 1451 3504 Exu-

314 3546 388 3604 uiis
404 3547 431 3605 ·i·
447 3546 559 3622 spoliis,
583 3549 701 3607 exuuiae
719 3551 789 3607 sunt
811 3549 926 3622 proprie
949 3548 1041 3621 pelles
1058 3547 1183 3606 ferarum
1200 3550 1302 3606 exutae
1320 3564 1337 3604 a
1352 3565 1450 3606 mem-

314 3648 374 3706 bris
408 3665 516 3720 aarum,
554 3653 602 3708 sed
637 3651 756 3709 abusiue
789 3668 841 3724 pro
876 3653 953 3710 omni
981 3649 1073 3724 spolio
1106 3652 1259 3723 ponuntur.
1303 3650 1491 3711 Scismaeo

314 3766 418 3823 graece
442 3753 553 3825 scissio,
576 3753 643 3810 hinc
666 3760 695 3812 et
713 3753 872 3813 scismatici
894 3753 1043 3831 haeretici,
1066 3755 1116 3826 qui
1138 3770 1168 3810 se
1192 3753 1325 3811 scindunt
1349 3770 1366 3810 a
1389 3754 1450 3814 fide

315 3855 466 3914 catholica.
497 3856 580 3914 Licet
602 3874 692 3915 unum
714 3857 805 3916 fuerit
819 3856 955 3915 indicium
971 3859 997 3915 ·i·
1013 3856 1185 3929 supplicium
1203 3855 1295 3914 crucis
1326 3854 1449 3916 Christo

314 3957 451 4017 uidelicet
465 3963 495 4016 et
510 3958 682 4029 latronibue,
698 3977 756 4018 non
772 3958 827 4018 fuit
844 3961 939 4016 tamen
955 3977 1045 4017 unum
1061 3959 1203 4031 meritum,
1226 3959 1293 4031 quia
1309 3956 1448 4018 Christus

313 4065 431 4135 propter
446 4066 576 4121 nostram
592 4063 713 4122 salutem
730 4062 883 4135 pendebat.
918 4062 1117 4121 Sententia
1134 4062 1319 4122 diudicium.
1348 4060 1450 4122 Reus

417 4235 665 4296 lmmmm
769 4236 1044 4302 lummmffl

364 4399 515 4452 ereximus
534 4403 560 4452 A
665 4402 680 4454 u
700 4402 725 4453 -r-
745 4402 818 4471 quia]
837 4410 876 4470 lq(
898 4405 925 4454 A
1029 4404 1060 4454 31
1080 4366 1206 4454 scismati
1224 4404 1250 4452 A
