3106 5250
640 428 775 493 Sedulii
797 437 949 507 Hymnus
967 437 1006 493 II.

522 626 529 639 '
610 626 727 693 Christi
749 626 908 710 triumpho
931 629 1096 702 tartarum,

612 730 674 811 Qui
694 749 750 795 nos
773 729 906 795 redemit
928 729 1083 795 uenditus.

569 834 686 905 chum
708 833 850 898 draconis
872 833 974 898 inuidi

461 937 504 1003 90
610 938 652 1001 Et
673 954 707 1001 os
729 937 826 1001 leonis
848 937 977 1018 pessimi

610 1038 752 1105 Calcauit
773 1040 885 1103 unicus
908 1039 966 1102 Dei

612 1142 744 1224 seseque
767 1141 863 1207 caelis
885 1140 1029 1207 reddidit.

304 1433 338 1488 87
356 1432 509 1501 triumphos
527 1430 563 1485 V'
666 1430 836 1498 triumphum
854 1429 971 1485 nobilem
988 1429 1020 1483 F
1024 1429 1049 1484 G
1067 1429 1213 1495 (tartarum
1230 1444 1251 1483 s.
1272 1430 1288 1482 1.
1307 1444 1341 1481 m.
1354 1430 1384 1494 2)

196 1546 200 1553 '
254 1538 294 1601 Π,
329 1527 391 1606 ηἶιῖ]
414 1534 590 1605 triumphet
691 1535 726 1589 88
748 1533 871 1588 uenditos
888 1532 1032 1587 BE¹L‘V'
1051 1550 1069 1586 a
1086 1550 1119 1587 m.
1139 1535 1159 1587 2
1176 1533 1248 1586 Alm.
1266 1532 1383 1598 Alcaico„

253 1639 379 1723 penditus
398 1639 426 1693 P
519 1638 553 1692 90
570 1625 619 1691 hos
637 1637 669 1691 X
764 1639 796 1692 91
817 1637 920 1706 unicus]
939 1636 951 1689 1
968 1636 1049 1691 unius
1067 1652 1088 1692 s.
1101 1638 1120 1692 l.
1141 1638 1178 1691 (il
1277 1637 1311 1690 92
1329 1651 1384 1690 sese

252 1744 300 1811 qui
317 1744 429 1797 Alcaico.
530 1758 584 1812 seq;
600 1742 690 1798 reddit
707 1741 868 1797 caelestibus
885 1740 915 1794 E
1001 1741 1056 1796 celo
1074 1741 1175 1807 ΓΘΗ,
1205 1740 1327 1796 caelestis
1346 1742 1379 1809 (s²

252 1837 317 1892 odd.
335 1854 369 1893 nc
387 1840 418 1905 2)
442 1837 478 1892 V'

481 1939 611 2010 reddidit]
630 1939 722 1994 Gloria
738 1938 811 2008 patri
828 1938 960 2008 ingenito,

628 2026 722 2080 Gloria
740 2026 880 2094 unigenito

628 2112 689 2166 Vna
706 2128 767 2166 cum
786 2112 885 2180 spiritu
903 2113 995 2164 sancto
1107 2152 1110 2157 .

627 2198 662 2253 In
679 2198 842 2267 compitorna
859 2197 966 2252 saecula

252 2300 361 2357 addant
377 2309 402 2356 Γ
417 2303 464 2371 (ol.
481 2303 528 2370 m.)
546 2303 639 2359 PV't
657 2303 769 2359 Alcoio.
871 2317 1002 2357 axemcra
1025 2316 1145 2357 mars
1169 2315 1281 2357 sanam
1304 2302 1383 2370 poete

252 2396 297 2449 uel
317 2396 406 2452 sdrhor
420 2396 428 2466 ζ
443 2395 475 2450 (10
497 2397 643 2451 natiuitatc
666 2400 693 2451 et
718 2396 864 2451 traditione
887 2400 915 2450 ot
941 2396 1063 2465 passione
1087 2397 1115 2449 et
1138 2395 1329 2449 resurrectione
1354 2397 1382 2449 et

212 2563 213 2566 Ἴ
252 2499 404 2553 ascensione
422 2489 471 2553 dffi
487 2485 517 2553 ffi
535 2487 583 2553 iii
600 2487 646 2569 xpi
664 2499 699 2554 ad
716 2499 801 2554 caelos
815 2499 849 2554 ab
862 2500 954 2553 eodem
966 2500 1045 2569 poeta
1057 2497 1226 2554 decantatus.
1244 2498 1291 2567 qui
1304 2499 1380 2552 uide-

250 2591 317 2646 licet
343 2592 459 2662 hymnus
485 2596 571 2648 metro
599 2593 712 2649 iambico
736 2599 784 2648 etc.
807 2600 832 2647 Γ
852 2595 882 2660 (a
903 2610 937 2648 m.
955 2598 1031 2661 rec),
1071 2592 1189 2662 Explicit
1216 2607 1322 2645 carmen
1350 2590 1381 2646 do

251 2682 304 2749 nat
318 2682 368 2749 drfl
383 2680 412 2749 nl
429 2685 476 2750 rii
494 2686 540 2765 x'p’i
562 2697 603 2763 X,
644 2695 763 2764 Explicit
786 2711 876 2750 uersus
898 2696 921 2752 0
944 2696 1080 2767 (sequitur
1100 2694 1216 2765 praefi),
1261 2694 1380 2763 Explicit

250 2803 348 2845 mars
366 2805 478 2847 sxovan
495 2792 630 2861 (sequitur
646 2791 737 2860 tyrso.
755 2791 783 2859 1)
801 2791 829 2845 P
