3106 5250
389 446 452 513 348
861 444 1047 515 Appendix.

388 642 418 699 et
440 640 614 713 prodigium,
637 640 754 713 signum
777 642 850 713 quod
880 640 975 699 subito
999 643 1112 699 tautum
1141 643 1187 699 ost
1211 644 1242 699 et
1262 640 1336 699 nihil
1359 638 1537 714 significat.

243 764 262 793 v.
279 742 520 816 roa-acchepra.
557 742 650 816 Lepre
671 744 715 801 est
738 743 854 816 porrigo
877 743 924 801 uel
946 743 1062 817 prurigo
1086 744 1148 801 siue
1164 743 1304 819 ebullitio,
1326 742 1399 816 quia
1423 744 1538 803 humor

390 846 522 918 putridus
545 862 563 903 a
585 862 703 918 corpore
725 845 843 916 defluit;
867 845 932 920 ipsa
954 846 1036 919 lepra
1068 848 1244 919 portentum.
1289 845 1480 905 Obsceuis
1506 846 1536 903 ·i·

390 964 453 1006 cum
480 949 624 1021 turpibus.
671 948 818 1007 Obsceuas
842 966 910 1007 aues
934 949 1064 1023 dicimus,
1088 966 1160 1021 quae
1182 949 1287 1008 malum
1310 965 1395 1008 omen
1422 949 1451 1007 -i·
1476 967 1536 1007 au·

389 1052 504 1127 gnrium
526 1052 625 1110 ferunt
648 1054 677 1110 et
698 1055 767 1110 tunc
790 1053 967 1125 componitur
983 1070 1000 1111 a
1016 1068 1089 1111 cano
1112 1052 1210 1111 uerbo.
1241 1052 1390 1111 Obscenus
1408 1067 1484 1111 uero
1503 1052 1535 1109 ·i·

389 1156 484 1229 turpis
500 1174 518 1215 a
533 1172 604 1214 ceno
627 1156 805 1228 componitur
830 1156 857 1213 ·i·
883 1156 919 1213 ab
934 1154 1004 1215 luto.
1039 1154 1177 1214 Reduci
1193 1156 1219 1213 ·i·
1236 1156 1383 1215 conuerso.
1421 1154 1534 1215 Redux

389 1258 494 1317 dicitur
517 1258 566 1330 qui
589 1259 624 1317 de
648 1258 744 1331 aliquo
767 1257 895 1331 periculo
919 1258 1011 1317 uenit.
1056 1256 1189 1315 Christus
1217 1274 1341 1331 namque
1363 1260 1411 1315 est
1435 1275 1533 1319 uerus

388 1361 534 1429 sacerdos,
557 1360 607 1432 qui
631 1375 662 1419 se
686 1360 779 1433 ipsum
802 1361 831 1415 et
852 1376 910 1418 uon
932 1358 1019 1417 aliam
1043 1360 1167 1418 hostiam
1190 1375 1240 1432 pro
1263 1359 1361 1418 muudi
1378 1359 1480 1419 saluto
1497 1362 1531 1419 iu

387 1481 440 1522 ara
473 1462 566 1521 crucis
600 1462 715 1521 obtulit.
761 1462 1047 1521 Melchisedech
1075 1463 1284 1536 interpretatur
1307 1479 1356 1521 rex
1378 1463 1529 1527 iustitiae.

389 1566 519 1625 Melchus
542 1582 601 1635 rer,
625 1564 686 1622 side
708 1565 848 1631 iustitiae,
871 1564 920 1637 qui
943 1565 1056 1623 nomine
1079 1568 1109 1625 et
1130 1569 1195 1623 actu
1212 1565 1356 1623 Christum
1373 1567 1531 1639 ostendit;

388 1672 456 1731 actu
478 1668 545 1742 quia
561 1668 694 1727 Christus
717 1685 818 1742 panem
842 1671 872 1727 et
894 1668 995 1727 uinum
1017 1668 1049 1727 in
1072 1670 1238 1743 mysterium
1255 1670 1383 1743 corporis
1399 1672 1433 1728 et
1449 1686 1529 1729 san·

387 1772 484 1847 guinis
507 1772 553 1831 sui
576 1771 714 1845 institnit,
749 1772 922 1830 sicutenim
952 1772 1163 1830 Melchisedech
1185 1772 1292 1845 legitur
1315 1773 1443 1847 primum
1468 1791 1529 1847 pa·

388 1893 451 1935 nem
469 1877 499 1933 et
513 1875 612 1933 uiuum
628 1876 681 1933 deo
705 1877 733 1933 lu
749 1874 922 1933 sacrificium
938 1874 1088 1936 obtulisse.
1123 1878 1341 1949 Importuna
1363 1876 1389 1933 ·i·
1412 1876 1529 1935 infesta

388 1994 588 2053 perseuerans.
614 1978 720 2037 Portus
743 1982 789 2036 cst
811 1978 901 2039 statio
924 1981 953 2037 et
975 1976 1089 2051 requies
1106 1979 1232 2052 nauium,
1256 1979 1323 2035 hinc
1345 1978 1529 2051 inportunus

388 2082 494 2141 dicitur
516 2082 600 2154 quasi
623 2082 687 2140 sinc
710 2083 795 2153 portu
818 2083 847 2139 et
870 2082 934 2141 sine
963 2082 1071 2153 requie.
1117 2081 1332 2140 Vnanimum
1357 2080 1385 2138 ·i.
1407 2098 1529 2157 carum,

389 2185 485 2244 fidum.
525 2185 685 2244 Petebat
706 2201 841 2258 panem
864 2184 891 2242 ·i·
913 2185 1045 2256 rogabat.
1080 2184 1151 2243 Peto
1174 2186 1202 2243 te
1219 2183 1296 2243 illam
1313 2201 1383 2256 rem,
1407 2187 1439 2243 et
1454 2186 1528 2258 peto

388 2290 456 2347 ate
479 2289 558 2347 illam
581 2304 650 2346 rem.
689 2286 844 2346 Moribus
873 2286 1027 2347 clausis
1066 2288 1151 2347 Fores
1175 2288 1289 2360 proprie
1315 2291 1383 2345 sunt
1405 2292 1526 2364 portae,

388 2409 460 2467 quaa
476 2392 549 2452 foris
565 2394 745 2465 aperiuntur,
762 2393 864 2451 ualuae
880 2406 954 2463 quae
970 2391 1056 2449 intus.
1080 2391 1224 2450 Obnixe
1239 2391 1265 2449 ·i·
1281 2394 1311 2448 et
1326 2390 1525 2463 confidenter;

387 2497 432 2555 tot
455 2495 593 2554 aduerbia
615 2494 708 2569 ponit,
733 2496 767 2553 ut
789 2494 926 2553 ostendat
948 2493 1118 2552 instantiam
1138 2494 1285 2566 negantis.
1331 2492 1474 2551 Accola
1494 2495 1526 2553 ·i·

388 2598 558 2671 alienigena.
574 2597 681 2656 Accola
696 2597 802 2656 dicitur
813 2597 863 2670 qui
875 2596 989 2655 aliunde
1006 2598 1126 2656 ueniens
1141 2597 1266 2655 alienam
1282 2599 1386 2655 terram
1404 2595 1524 2657 incolit.
1542 2626 1546 2636 »

387 2700 602 2759 Testudine.
633 2700 758 2758 Testudo
781 2699 887 2757 dicitur
910 2699 1002 2757 instar
1024 2699 1111 2758 huius
1134 2698 1270 2758 animalis
1292 2699 1372 2757 facta
1387 2701 1524 2762 testudo.

387 2803 515 2863 Testudo
538 2806 583 2862 cst
606 2819 720 2886 camera
742 2819 832 2861 curua
854 2804 963 2872 domus,
987 2819 1061 2875 quae
1077 2802 1106 2859 iu
1122 2803 1238 2876 templis
1254 2803 1341 2860 fiebat
1358 2802 1395 2859 ad
1410 2801 1524 2862 simili·

388 2906 518 2964 tudinem
541 2921 655 2966 scenae.
693 2905 820 2964 Testudo
850 2905 938 2964 etiam
969 2905 1099 2964 densitas
1124 2908 1279 2975 scutorum,
1308 2922 1363 2976 qua
1393 2905 1525 2965 militum

388 3009 486 3081 capita
517 3010 746 3083 protegebantur
775 3010 811 3067 ad
842 3007 1058 3067 similitudinem
1088 3008 1221 3067 animalis
1243 3007 1410 3078 testudinis,
1441 3009 1524 3080 quod

388 3112 543 3172 durissima
576 3112 652 3169 testa
685 3110 823 3171 munitur.
867 3112 919 3169 Ad
949 3110 1079 3184 peruia
1101 3110 1128 3167 ·i·
1151 3110 1188 3168 ad
1217 3110 1420 3168 rectitudinem
1450 3110 1548 3172 bonis

387 3216 491 3289 operis.
525 3214 645 3273 Peruiue
661 3216 707 3272 est
729 3213 820 3287 locus,
843 3214 894 3272 ubi
912 3217 958 3273 ast
973 3215 1030 3275 uia.
1061 3213 1200 3272 Rectus
1223 3213 1316 3272 omnis
1331 3212 1424 3286 culpa,
1441 3229 1521 3285 quae

387 3335 465 3377 reum
489 3317 569 3376 facit.
615 3316 788 3375 Moechae
811 3315 1013 3377 ·i·adulte1ae.
1036 3316 1174 3375 Moechus
1191 3316 1296 3374 dicitur
1311 3317 1432 3387 adulter,
1449 3316 1521 3376 inde

387 3421 552 3479 mechanica
575 3435 623 3478 are
646 3420 776 3490 uocatur,
799 3435 873 3491 quac
896 3421 980 3477 tanta
1003 3418 1165 3477 subtilitate
1188 3418 1230 3493 fit,
1261 3422 1292 3477 ut
1315 3418 1412 3477 oculos
1433 3418 1519 3477 iutu-

387 3524 465 3583 entis
488 3523 581 3581 fallat.
626 3521 695 3579 Per
723 3522 893 3581 claustra
916 3521 942 3579 ·i·
965 3539 1016 3595 per
1044 3524 1128 3580 orbes
1151 3523 1308 3581 oculorum.
1354 3522 1520 3581 Consan-

387 3626 520 3699 guinei
542 3623 632 3683 limi.
670 3624 813 3683 Affectate
839 3626 912 3683 dixit
934 3624 1150 3698 consauquiuei,
1182 3624 1249 3697 quia
1272 3625 1354 3682 homo
1376 3626 1405 3683 et
1428 3625 1518 3686 limus
1535 3656 1553 3681 ·.

387 3728 592 3800 consanguinei
615 3727 671 3785 sibi
694 3729 764 3785 sunt
785 3727 812 3785 ·i·
836 3728 934 3789 uicini.
968 3726 1043 3785 Mam
1067 3728 1149 3786 homo
1173 3745 1208 3786 ex
1230 3727 1297 3785 limo
1321 3728 1460 3786 formatus
1485 3729 1520 3789 in

387 3831 486 3890 limum
501 3831 669 3891 reuertitur.
700 3830 876 3904 Mystica:
893 3830 1032 3905 mysticeu
1049 3831 1149 3893 dicunt
1164 3830 1266 3889 Graeci
1281 3832 1431 3900 secretum,
1449 3831 1519 3890 iuda

387 3934 510 4008 mystica
532 3934 671 3993 miracula
693 3932 829 3991 dicuutur
851 3934 968 4003 Christi,
1000 3933 1069 4008 quia
1099 3934 1169 3993 licet
1191 3933 1378 4006 corporaliter
1399 3932 1517 4007 fierent,

386 4036 561 4110 spiritaliter
595 4038 694 4095 tamen
717 4037 826 4109 aliquid
849 4037 1009 4095 insinuaut.
1054 4036 1189 4110 Nataa,
1225 4039 1292 4111 quia
1319 4037 1351 4095 in
1385 4037 1517 4098 tenebris

387 4155 510 4199 eramus.
545 4140 606 4198 Iste
622 4154 724 4197 caecus
747 4154 840 4210 genus
864 4139 1018 4197 humanum
1041 4138 1195 4211 significat.
1230 4140 1287 4198 Per
1303 4140 1419 4212 sputum
1436 4139 1540 4213 sapi-a

388 4243 466 4302 entia
488 4243 535 4303 dei
558 4237 736 4315 designatur.
772 4241 899 4316 Spiritus
918 4242 992 4301 enim
1010 4260 1027 4301 a
1044 4245 1138 4315 capite
1153 4243 1184 4301 in
1201 4259 1232 4300 os
1247 4243 1355 4321 defluit,
1380 4242 1518 4303 similiter
