3106 5250
166 438 229 504 326
639 438 825 505 appendix.

17 653 38 683 v.
53 632 218 702 rra-rsoioe,
246 631 380 689 balneum
403 647 514 706 graece,
543 630 690 690 laneorum
718 631 818 693 latine.
862 630 960 691 Rndo
990 632 1017 689 ·i·
1046 647 1161 707 nouum,
1193 631 1245 689 bie
1274 632 1305 688 et

164 736 236 793 haee
263 734 343 792 rudis
373 735 402 792 et
432 734 485 793 hoe
515 736 595 805 rude,
618 734 705 792 trium
729 750 866 809 generum
890 738 934 793 est
958 738 986 793 et
1008 735 1153 808 signifieat
1178 752 1303 805 nouum,

163 839 276 910 quando
299 853 366 895 nero
390 838 502 911 uirgam
525 816 737 909 decorticatam,
763 837 894 895 feminini
910 840 954 897 est
969 839 1059 899 rudis.
1083 839 1183 898 Budas
1206 840 1303 898 etiam

162 940 275 999 ruderis
305 940 402 998 neutri
432 942 547 1011 generis
575 942 629 1012 est,
658 942 730 999 trita
759 941 857 1013 tegula
886 941 933 998 uel
964 941 1063 1000 ruinae
1094 944 1301 1002 maceriarum.

162 1046 276 1117 Moyses
304 1047 404 1117 typum
433 1042 541 1101 Christi
568 1046 688 1115 gerebat
717 1042 793 1103 sieut
821 1045 853 1103 in
880 1044 1010 1117 apostolo
1033 1044 1157 1119 legitur:
1188 1045 1301 1106 Omnes
1327 1069 1341 1107 5

161 1148 191 1205 in
214 1148 312 1219 Moyse
340 1145 482 1219 baptizati
511 1148 580 1206 sunt
611 1146 639 1203 ·i·
667 1148 697 1204 in
723 1146 847 1206 Christo.
884 1148 964 1205 Sient
994 1149 1068 1206 enim
1092 1150 1226 1208 saluatus
1253 1154 1301 1208 est

160 1253 283 1325 populus
305 1250 399 1309 Israel
421 1250 453 1307 in
476 1251 548 1308 mari
572 1251 658 1309 rubro
681 1250 735 1308 sub
749 1251 847 1325 Moyse
871 1253 900 1308 et
921 1252 1062 1309 exereitus
1084 1253 1301 1326 Aegyptiorum

161 1355 285 1433 deletos,
309 1357 352 1414 ita
374 1357 404 1413 et
426 1371 478 1413 nos
501 1357 553 1412 sub
577 1354 689 1413 Christo
713 1356 742 1412 in
768 1354 912 1428 baptismo
940 1353 1086 1413 saluamur
1108 1357 1136 1414 et
1158 1355 1300 1415 diabolus

162 1476 227 1518 cum
250 1459 311 1516 suis
335 1458 563 1517 aduersitatibus
578 1456 715 1519 uincitur.
740 1457 879 1516 Clamat
894 1475 949 1516 uox
965 1458 1073 1516 domini
1088 1475 1173 1531 super
1190 1475 1297 1531 aquas.

163 1562 306 1631 Quattuor
334 1564 402 1619 sunt
424 1562 572 1634 elementa,
597 1577 716 1632 quornm
739 1563 793 1620 dno
817 1562 873 1619 sibi
897 1561 1044 1620 sociantur
1066 1562 1096 1619 in
1118 1561 1243 1619 leuitate
1271 1563 1338 1625 ·i·1o

161 1664 238 1737 ignis
261 1667 290 1722 ot
314 1680 372 1735 aer,
397 1680 511 1721 sursum
535 1663 610 1721 enim
633 1679 746 1736 semper
768 1664 917 1733 ferentum
942 1664 997 1723 duo
1020 1665 1166 1723 sociantur
1188 1664 1248 1723 sibi
1264 1666 1299 1724 in

160 1768 307 1839 grauitate
330 1766 357 1823 ·i·
387 1770 466 1824 terra
494 1770 524 1825 et
553 1784 636 1840 aqna,
665 1784 779 1841 semper
808 1767 884 1825 enim
907 1786 923 1825 a
946 1768 1140 1840 superioribus
1169 1768 1206 1824 ad
1237 1769 1300 1827 ima

160 1870 275 1929 eadunt.
319 1869 515 1943 Abyssum,
545 1870 680 1943 abyssum
703 1872 787 1928 uocat
808 1868 926 1927 nimiam
947 1869 1175 1942 profunditatem
1200 1872 1299 1945 serip-

160 1974 298 2050 turarum,
323 1989 389 2029 nam
413 1972 534 2045 abyssus
557 1972 647 2031 nimio
668 1971 848 2045 profunditas
864 1972 980 2031 dieitur.
1013 1973 1159 2032 Nimbis
1182 1972 1210 2030 ·i·
1226 1974 1298 2046 plu·

159 2073 227 2135 uiis.
261 2075 382 2135 Nimbus
405 2076 510 2133 dieitur
532 2076 621 2133 densa
644 2077 673 2133 ot
695 2076 847 2148 repentina
868 2078 969 2149 pluuia
992 2078 1021 2133 et
1044 2076 1148 2134 dieitur
1177 2077 1299 2136 nimbus
1311 2104 1336 2140 rs

159 2178 242 2251 quasi
265 2178 358 2236 nubns
381 2196 398 2235 a
421 2179 555 2251 nubibus,
579 2179 656 2237 sient
679 2178 769 2236 imber
785 2178 866 2252 qnasi
882 2179 982 2236 umber
999 2179 1034 2237 ab
1050 2179 1160 2236 umbra.
1201 2179 1297 2240 Nec-

158 2282 256 2338 taris
285 2281 312 2339 ·i·
342 2280 513 2339 dulcedinis.
547 2281 655 2339 Neetar
680 2282 815 2354 generale
845 2298 947 2339 nomen
974 2284 1020 2339 est
1043 2282 1167 2340 omnium
1191 2281 1298 2341 dulce-

159 2382 264 2441 dinum.
301 2382 427 2442 Sioens
450 2383 555 2441 dieitur
577 2383 662 2456 quasi
684 2384 746 2441 siue
771 2400 848 2444 suco.
886 2384 1077 2442 Metallum
1101 2387 1184 2443 uocat
1209 2404 1299 2446 omne

159 2483 271 2545 durum.
327 2485 503 2545 Christus
536 2488 620 2543 erat
657 2487 782 2560 panis,
819 2486 953 2560 quoniam
991 2488 1070 2545 dedit
1107 2488 1148 2553 eis
1185 2505 1298 2559 panem

158 2586 311 2661 sicutipse
328 2587 399 2646 dixit
417 2583 484 2660 ‘Ego
502 2606 564 2646 sum
581 2590 665 2661 panis
681 2584 777 2647 uitae’.
811 2589 986 2647 Christus
1008 2591 1128 2663 petre,
1153 2591 1298 2662 qnoniam
1309 2618 1337 2657 20

159 2690 237 2748 dedit
266 2693 309 2751 eis
338 2708 451 2763 aquam,
481 2690 556 2748 sient
579 2691 727 2763 apostolus
749 2693 806 2752 ait:
831 2693 918 2750 Petra
942 2696 1036 2751 autem
1059 2695 1122 2750 erat
1146 2692 1295 2756 Christus

159 2792 332 2855 Christus
354 2794 389 2850 in
412 2793 537 2863 undis,
560 2794 693 2866 quoniam
717 2796 799 2852 duxit
822 2813 869 2854 eos
893 2814 944 2869 per
966 2814 1053 2857 mere.
1080 2796 1239 2855 Rudenti
1267 2801 1294 2857 ·i-

158 2895 343 2954 uociferanti.
377 2896 501 2953 Ruditus
519 2897 633 2969 proprie
653 2899 696 2954 est
716 2914 772 2955 uer
791 2898 937 2957 asinorum
956 2900 1031 2957 sieut
1048 2900 1162 2957 balatus
1181 2901 1294 2961 ouium.

159 2999 221 3057 Sol
244 3000 356 3057 stetit
379 3001 422 3057 ad
444 3000 591 3059 Gabaon
616 3001 642 3058 ·i·
662 3002 762 3059 eontra
779 3000 903 3076 Gabaon,
925 3001 1028 3060 ciuitas
1048 3005 1091 3061 est
1109 3005 1294 3076 metropolis.

158 3106 265 3164 Arma
293 3106 425 3165 diduntur
454 3122 485 3164 eo
514 3105 590 3179 qnod
621 3123 715 3165 armos
745 3108 857 3179 tegunt.
902 3105 1101 3165 lr'amulata
1124 3107 1150 3163 .i.
1175 3107 1333 3170 obtem-ae

157 3208 298 3281 perantia.
340 3210 498 3267 Iesnsnaue
525 3211 555 3267 et
577 3209 661 3267 Iosue
695 3210 768 3267 idem
793 3211 837 3267 est
860 3211 889 3267 et
911 3209 1121 3281 interpretatur
1150 3210 1294 3273 salrator.

158 3312 240 3369 Sine
263 3327 358 3370 more
382 3312 409 3368 ·i·
433 3313 651 3387 consuetudine,
674 3312 742 3385 quia
764 3314 841 3371 eorui
865 3314 945 3385 prins
968 3314 1063 3371 solent
1085 3329 1186 3386 rapere
1201 3331 1293 3386 quam

157 3414 332 3473 ministrare.
377 3414 495 3474 Anido
519 3416 545 3472 ·i·
579 3415 691 3493 cupido,
714 3416 825 3487 guloso.
861 3414 930 3473 Ales
954 3416 1058 3474 dieitur
1081 3417 1116 3474 ab
1141 3416 1205 3488 alis,
1223 3433 1293 3475 eor-

157 3533 211 3576 nus
234 3535 252 3574 a
273 3517 413 3576 raucitate
438 3534 506 3576 suae
529 3518 617 3581 noeis.
662 3518 837 3577 Heredem
860 3518 887 3575 ·i·
910 3518 1047 3591 Eliseum,
1071 3519 1154 3577 heres
1178 3517 1291 3579 dieitur

157 3620 193 3678 ab
226 3620 353 3679 herendo
383 3620 428 3678 uel
459 3623 494 3677 ab
520 3636 568 3678 ero
598 3620 624 3677 ·i·
648 3620 770 3679 domino.
815 3622 944 3695 Astra,
974 3624 1053 3680 astra
1082 3623 1218 3680 dicuntur
1251 3623 1290 3682 ab
1301 3648 1330 3688 30

158 3725 262 3793 asti-eo,
287 3724 442 3796 astrologo.
487 3723 615 3783 Suleos
638 3723 666 3780 ·i·
689 3724 779 3797 rigas.
814 3725 883 3782 Tria
906 3725 1048 3784 elementa
1078 3723 1188 3784 sulcum
1211 3725 1289 3785 faoi·

156 3828 217 3887 unt.
249 3828 307 3884 Aer
330 3826 470 3884 diuiditur
493 3826 613 3901 sagitta,
637 3844 711 3899 aqua
734 3844 817 3897 naue,
842 3829 891 3886 sed
908 3828 964 3886 cito
983 3830 1012 3886 in
1028 3846 1059 3888 sa
1075 3831 1236 3901 recurrunt,
1254 3830 1288 3888 in

155 3933 234 3990 terra
263 3947 331 3990 uero
360 3929 458 3990 solens
490 3933 596 4004 manet,
626 3930 703 4003 ignis
725 3947 783 3990 uon
806 3931 908 4005 recipit
930 3932 1051 4003 sulcum,
1076 3933 1124 3990 sed
1148 3930 1289 4005 quiequid

257 4107 289 4160 21
309 4107 343 4160 ef.
361 4107 376 4160 I
394 4105 454 4161 Cor.
474 4107 514 4171 10,
531 4106 549 4159 4

206 4270 224 4323 3
246 4270 338 4339 rudus]
362 4270 437 4324 rudis
459 4270 514 4323 AB
618 4270 651 4322 10
674 4246 804 4325 elementa
822 4271 915 4357 mnndi
940 4271 967 4324 B
1070 4272 1102 4325 16
1123 4270 1189 4336 sort.
1208 4288 1287 4326 num·

159 4372 206 4426 bns
310 4373 343 4427 31
362 4362 485 4428 astrole⁸‘⁰
504 4378 548 4442 (go
566 4390 584 4427 α
601 4388 635 4428 or.
653 4376 680 4439 2)
699 4374 727 4427 A
