3106 5250
524 464 675 533 Remigii
697 464 878 533 expositio.
1204 467 1268 532 335

135 674 186 715 suo
210 656 335 730 baptism
354 659 394 717 te.
432 658 504 716 caro
528 657 683 732 aliquando
699 676 750 733 pro
766 661 884 732 peccato
898 659 1056 733 accipitur,
1081 662 1110 719 et
1132 659 1265 721 Christus

134 761 282 833 peccatum
294 761 419 832 gessisse
431 760 546 833 dicitur,
561 777 625 819 cum
635 760 854 820 similitudinem
866 764 960 822 carnis
970 764 996 822 ·i·
1006 762 1117 836 peccati
1128 765 1265 837 suscepit.

135 862 355 921 Torrentum
383 862 409 920 ·i·
442 865 607 922 currentum
642 865 672 922 et
704 865 751 922 est
780 864 952 924 adiectiuum
982 882 1085 924 nornen
1113 868 1141 923 et
1167 866 1262 928 fixum.
1273 889 1292 917 v·
1306 878 1413 920 151-195

134 965 310 1039 Limphas
345 966 445 1025 Graeci
479 967 578 1027 dicunt
612 967 756 1041 nimphas,
788 985 841 1027 nos
874 968 1009 1041 limphas,
1043 987 1109 1027 nam
1137 968 1264 1029 eiusdem

113 1068 259 1128 suominis
292 1071 361 1128 nota
394 1073 440 1128 est
472 1071 547 1143 apud
583 1069 703 1130 Graecos
735 1070 789 1142 ·N·,
821 1070 902 1131 ouius
932 1075 977 1131 est
1000 1073 1039 1130 ·L·
1064 1073 1140 1146 apud
1162 1090 1214 1132 nos
1238 1072 1264 1130 ·i·

134 1172 355 1246 quinquaginta.
400 1171 552 1230 Reflues
576 1173 602 1230 ·i·
626 1175 702 1232 retro
729 1174 869 1245 fluentes;
896 1175 1040 1247 poeticum
1058 1178 1113 1237 cst.
1147 1176 1265 1234 Factum

135 1276 306 1352 astantem,
336 1275 452 1349 quando
482 1274 537 1333 filii
558 1275 650 1335 Israel
673 1276 854 1335 transierunt
880 1277 1032 1336 Iordanem
1053 1279 1205 1351 pergentes
1229 1277 1264 1335 ad

135 1380 243 1436 terram
265 1378 505 1452 repromissionis.
541 1378 621 1437 'lunc
636 1378 721 1452 primi
737 1380 916 1439 transierunt
932 1382 1095 1439 sacerdotes
1110 1382 1139 1440 et
1154 1380 1263 1449 statim,

134 1485 168 1540 ut
195 1499 271 1556 aqua
299 1484 373 1556 tegit
399 1484 488 1556 pedes
519 1500 627 1555 eorum,
657 1500 726 1555 pars
755 1484 896 1554 Iordanis,
926 1502 998 1557 quae
1029 1485 1161 1543 deorsum
1191 1485 1262 1555 erat,

101 1585 211 1659 refugit
232 1587 259 1645 ·i·
283 1586 386 1646 cecidit
412 1587 443 1645 in
472 1604 550 1646 mare
579 1589 740 1657 mortuum;
768 1587 819 1645 illa
847 1604 923 1657 uero,
951 1604 1024 1660 quae
1053 1605 1168 1647 sursum
1189 1590 1263 1659 erat,

135 1688 218 1748 stetit
254 1689 284 1747 in
314 1707 371 1748 una
403 1689 489 1748 mole.
521 1688 584 1748 Hoc
618 1688 723 1750 detulit
754 1694 840 1764 poeta
873 1691 909 1749 ad
940 1688 1115 1764 baptismum
1147 1690 1262 1751 domini.

134 1792 317 1851 Harenas:
340 1794 465 1852 harenae
490 1793 625 1852 dicuntur
648 1797 683 1852 ab
707 1792 851 1868 ariditate,
876 1796 989 1866 quando
1009 1793 1071 1853 sine
1087 1793 1263 1866 aspiratione

108 1895 306 1966 scribuntur,
330 1897 444 1969 quando
468 1912 535 1956 uero
559 1915 623 1955 cum
647 1896 824 1970 aspiratione
848 1896 982 1955 dicuntur
1002 1914 1033 1956 eo
1050 1898 1126 1970 quod
1141 1897 1263 1957 hereant

133 1998 262 2058 fabricis.
306 1999 453 2059 Honore
477 2000 503 2057 ·i·
526 1999 723 2061 honorabitur.
762 2000 818 2058 Illa
841 1999 973 2059 columba
990 2044 1256 2062 .....

99 2102 364 2160 rshIansuetum
393 2104 419 2161 i·
448 2102 670 2161 misericordem.
719 2105 888 2161 Mansuetus
922 2101 1027 2162 dieitur
1060 2103 1144 2176 quasi
1177 2120 1262 2162 manu

134 2206 233 2262 suetus
248 2204 273 2262 .i-
290 2207 367 2278 pius.
413 2205 552 2265 Mitem:
578 2205 656 2263 mitis
680 2203 786 2265 dicitur
802 2206 886 2278 quasi
901 2207 1007 2277 mutus,
1024 2206 1072 2278 qui
1087 2221 1155 2278 prae
1172 2206 1261 2265 nimia

133 2307 296 2366 humilitate
324 2326 454 2368 sermone
485 2326 582 2368 carere
610 2309 737 2383 putatur.
778 2309 856 2369 Deus
885 2309 914 2366 in
945 2309 1107 2369 mansuetis
1136 2310 1260 2381 habitat,

133 2411 292 2484 sicutipse
316 2411 401 2470 dicit:
433 2411 523 2484 Super
546 2426 629 2483 quem
654 2410 815 2484 requiescet
839 2411 959 2484 spiritus
981 2428 1072 2486 meus,
1095 2413 1154 2472 nisi
1176 2428 1261 2486 super

132 2513 269 2572 humilem
291 2515 320 2572 et
342 2513 471 2586 quietum
494 2516 523 2572 et
545 2516 715 2573 trementem
744 2516 832 2572 uerba
853 2531 925 2573 meo.
970 2515 1040 2573 Per
1061 2515 1259 2577 uolucrem.

97 2616 268 2676 aoVolucres
291 2618 426 2677 dicuntur
449 2635 466 2675 a
488 2621 585 2677 crebro
608 2617 723 2690 uolatu3
748 2618 811 2677 ideo
834 2620 864 2678 in
880 2617 1011 2677 columba
1027 2619 1151 2691 Spiritus
1169 2636 1259 2694 appa·

131 2722 200 2794 ruit,
223 2724 256 2780 ut
278 2723 443 2780 ostenderet
459 2722 604 2780 Christum
627 2721 795 2795 simplicem,
820 2724 849 2780 et
865 2738 960 2781 eorum
975 2723 1061 2780 corda
1083 2724 1194 2796 replere
1209 2739 1259 2796 per

131 2825 345 2898 simplicitatem
379 2830 407 2884 et
440 2826 633 2885 innocentiam
662 2824 799 2899 diligunt.
837 2826 980 2885 Probatur
1007 2826 1093 2884 Pater
1121 2827 1150 2885 in
1179 2843 1258 2906 uoce,

131 2929 256 3001 Spiritus
284 2932 400 2988 sanctus
429 2930 459 2988 in
488 2931 584 3002 specie
608 2929 764 2999 columbae,
794 2927 888 2987 Filius
916 2929 948 2987 in
971 2945 1093 3002 persona
1121 2930 1257 2998 hominis,

131 3031 180 3103 qui
209 3032 418 3103 baptizabatur.
457 3031 543 3089 Pater
572 3034 617 3089 est
645 3030 696 3101 ibi,
728 3032 823 3089 Natus
849 3034 895 3090 est
917 3032 967 3105 ibi,
993 3032 1118 3103 Spiritus
1140 3035 1257 3091 sanctus

96 3151 121 3191 aa
131 3136 174 3192 est
190 3133 240 3210 ibi,
264 3133 304 3192 ibi
320 3133 493 3192 Trinitatem
509 3134 556 3192 hic
572 3132 756 3192 demonstrat.
780 3132 829 3192 De
852 3136 956 3193 caute
972 3136 998 3192 ·i·
1015 3137 1049 3192 do
1065 3135 1135 3192 duro
1150 3133 1255 3208 lapide.

132 3236 234 3295 dautes
258 3248 287 3294 et
309 3238 386 3295 cotes
408 3236 484 3294 idern
507 3239 584 3295 sunt.
622 3235 800 3309 Vipereis
816 3235 842 3293 -i-
861 3236 1047 3309 serpentinis,
1070 3236 1257 3305 ueneniferis;

130 3342 229 3412 uipera
251 3339 356 3398 dicitur
379 3356 411 3398 eo
435 3339 510 3412 quod
533 3339 562 3397 ui
586 3338 690 3412 pariat,
719 3340 797 3397 caret
820 3339 895 3397 enim
917 3339 1015 3410 uulua,
1033 3339 1083 3398 sed
1099 3356 1146 3398 ore
1162 3339 1258 3399 conoi-

130 3460 198 3516 pere
221 3444 322 3504 fertur.
357 3443 529 3502 Potestas
553 3459 577 3503 s.
602 3441 737 3516 angelica
760 3444 790 3501 et
816 3441 1027 3515 archangelica.
1065 3442 1127 3502 Neo
1156 3442 1258 3503 mirum

130 3547 155 3606 si
180 3548 321 3622 diabolus,
353 3547 401 3621 qui
430 3546 552 3619 spiritus
581 3547 636 3621 est,
667 3544 762 3619 potuit
794 3546 890 3605 omnia
912 3562 1003 3618 regua
1024 3545 1122 3604 muudi
1145 3546 1261 3605 Christo

96 3652 291 3724 substentare,
315 3669 379 3710 cum
401 3653 502 3710 beatus
526 3648 699 3709 Benedictus
722 3649 753 3708 in
778 3665 895 3722 corpore
918 3649 1010 3707 adhuc
1032 3649 1142 3723 positus
1164 3650 1259 3721 potuit

130 3756 258 3829 aspicere
273 3757 364 3814 totum
380 3756 525 3824 mundum,
550 3772 606 3812 non
629 3752 697 3827 quia
718 3753 842 3811 mundus
866 3752 1013 3811 breuiatus
1036 3752 1084 3822 sit,
1109 3751 1160 3811 sed
1175 3769 1257 3811 mens

130 3858 190 3916 eius
213 3876 264 3932 per
287 3858 539 3931 contemplationis
563 3859 606 3915 est
628 3858 752 3930 gratiam
775 3856 908 3915 dilatata.
946 3855 1013 3913 ideo
1037 3856 1167 3914 diabolus
1190 3858 1255 3926 post

128 3960 302 4035 baptismum
336 3962 479 4021 dominum
512 3960 677 4034 temptauit,
712 3962 744 4019 ut
779 3958 946 4020 ostenderet
973 3975 1025 4017 nos
1059 3960 1128 4017 tunc
1162 3957 1257 4016 acrius

128 4065 275 4138 temptari,
298 4081 362 4122 cum
385 4083 417 4123 se
440 4066 570 4123 deserere
593 4066 622 4123 et
644 4062 762 4123 seruitio
785 4063 830 4122 dei
853 4062 961 4121 uiderit
984 4059 1154 4135 diligentius
1184 4060 1255 4119 insi·

180 4319 213 4372 14
239 4317 363 4385 seqnitur
384 4332 438 4372 ros.
464 4318 481 4369 5
504 4330 632 4370 versuum
654 4315 685 4368 ia
702 4314 730 4367 A
832 4314 867 4367 34
894 4313 917 4368 dc
940 4302 1036 4367 '‘'uitio
1061 4314 1114 4381 (ser
1137 4328 1156 4366 a
1171 4328 1206 4365 m.
1224 4312 1255 4380 2)

126 4405 154 4459 A
