3106 5250
512 489 663 559 Remigii
684 490 865 558 expositio.
1191 493 1254 557 321

127 686 262 748 minibus.
298 686 405 744 Sensus
431 688 490 745 est:
514 685 540 742 si
562 685 594 743 tu
617 683 772 745 deliciosus
795 683 822 741 ·i·
845 682 975 743 insolens
998 684 1125 760 haberis,
1148 688 1180 745 ut
1203 704 1282 751 no-v.
1295 710 1359 751 0-01
1447 672 1450 678 ’

127 794 219 851 strum
249 806 363 848 carmen
392 789 474 848 flocci
496 789 678 861 pendatura
706 789 736 846 ta
759 803 791 846 eo
817 787 893 861 quod
923 788 962 845 sit
991 788 1140 858 modicum,
1170 808 1257 863 pasca

126 894 252 954 animum
276 892 463 952 saecularium
481 894 628 965 poetarum
645 891 829 951 carminibus.
852 890 966 949 Oaauon
982 908 1093 965 graece,
1110 909 1256 952 commune

126 998 226 1069 latine,
256 997 325 1056 iude
352 1012 441 1055 caena
471 994 579 1054 dicitur
601 1011 618 1053 a
640 995 881 1069 communicando,
905 994 972 1068 quia
994 994 1035 1053 ibi
1058 994 1159 1055 multis
1182 995 1257 1069 apud

106 1103 261 1176 santiquos
282 1098 476 1174 prandebant,
501 1098 575 1156 sicot
591 1098 619 1155 et
638 1097 800 1156 conuiuium
826 1097 931 1155 dicitur
948 1114 965 1154 a
980 1096 1165 1173 conuiuendo,
1182 1101 1257 1173 quod

127 1205 226 1266 Graeci
249 1204 414 1278 symposion
436 1205 549 1263 uocant.
573 1202 627 1260 Sed
651 1200 748 1260 cicaro
772 1202 843 1259 dicit
859 1199 963 1259 melius
978 1201 1067 1259 latino
1083 1202 1256 1278 conuiuium,

127 1309 206 1368 ducit
229 1306 452 1377 accommodo,
476 1305 551 1379 quod
569 1303 669 1362 Graeci
692 1303 869 1378 sympusium
892 1307 996 1361 uocant
1019 1320 1036 1361 a
1058 1305 1259 1380 competendo.

128 1411 308 1484 Quicquid
338 1410 445 1468 uolat
473 1408 501 1466 ·i·
532 1408 626 1468 omnia
654 1422 765 1481 genera
796 1405 903 1465 auium.
934 1394 1096 1480 Allegorice
1120 1409 1256 1483 loquitur.

128 1516 198 1575 Tres
226 1512 299 1575 sunt
321 1513 430 1586 species
451 1510 662 1586 philosophiae,
686 1528 756 1584 quas
779 1510 827 1570 hic
848 1510 960 1583 tangit:
983 1511 1097 1585 Etbica,
1122 1513 1255 1589 Physica,

94 1619 246 1692 1oLogica.
273 1618 328 1676 Per
343 1632 420 1674 marc
435 1613 618 1688 intellegitur
633 1614 740 1672 Ethica
755 1614 783 1673 ·i·
798 1615 969 1687 inmortalis,
992 1632 1064 1690 quae
1081 1618 1114 1674 da
1129 1618 1257 1677 moribus

128 1722 275 1783 hominum
298 1720 445 1795 disputat3
475 1734 526 1793 per
548 1721 655 1778 terram
679 1717 812 1793 Physica,
848 1735 920 1792 quae
943 1719 978 1778 da
1008 1737 1104 1778 rerum
1132 1721 1258 1780 omnium

127 1826 232 1885 natura
260 1825 385 1895 tractat3
415 1838 466 1896 per
495 1820 705 1894 ast1·oLogica
727 1822 754 1879 ·i·
776 1820 969 1894 rationabilis,
993 1840 1066 1895 quaa
1090 1826 1124 1882 de
1147 1824 1257 1885 diuinis

126 1931 213 1990 rebus
242 1930 351 1986 narrat.
397 1925 613 1999 carpsimus
642 1925 669 1982 ·i·
699 1924 882 1998 sumpsimus.
911 1926 1110 2000 Motapboram
1142 1930 1257 1990 seruat:

127 2049 177 2105 par
206 2032 321 2091 hortum
349 2047 470 2103 paruum
497 2029 657 2102 ingenium,
687 2044 738 2101 per
768 2029 852 2088 holus
880 2030 1022 2088 modicum
1051 2047 1176 2109 carmon,
1205 2048 1258 2106 per

94 2136 232 2194 intestam
265 2150 368 2206 corpus
402 2134 549 2206 caducum,
585 2133 691 2206 fragile
725 2133 771 2191 ual
800 2133 887 2192 fictile
916 2135 979 2192 uult
1007 2134 1153 2210 intellegi3
1182 2137 1257 2195 unde

128 2241 292 2313 apostolus:
316 2238 376 2296 Nos
399 2237 537 2298 habemus
561 2238 729 2295 thesaurum
754 2236 953 2296 absconditum
979 2238 1009 2297 in
1026 2239 1105 2297 uasis
1121 2238 1258 2299 fictilibus

128 2344 155 2410 ‚i·
185 2342 351 2416 corporibus
381 2343 502 2401 nostris.
548 2340 812 2412 Grandisouis,
844 2341 1041 2415 grandiloquis
1070 2342 1257 2403 carminibus.

127 2445 197 2505 Tres
227 2447 294 2503 sunt
322 2447 499 2505 caracteres:
530 2443 661 2515 humilis,
690 2444 810 2518 medius,
841 2445 1060 2519 grandiloquus
1084 2447 1136 2505 bos
1160 2461 1257 2505 omnes

128 2549 270 2622 Virgilius
293 2546 400 2622 tangit.
438 2547 606 2621 Tragico
629 2548 657 2605 ·i·
680 2546 743 2606 uili.
771 2544 897 2621 ‘Tragos'
923 2550 998 2607 enim
1019 2565 1131 2623 graece,
1158 2548 1258 2609 hircus

93 2652 234 2731 1011111ος
258 2652 328 2711 binc
345 2646 522 2725 ‘tragemata'
540 2666 653 2735 graece,
674 2650 745 2710 uilia
761 2654 940 2729 munuscula,
957 2652 1099 2711 colobidia
1112 2649 1258 2731 hebraice,

128 2754 219 2816 latine
257 2756 387 2816 bellaria.
433 2755 563 2831 Getae,
600 2771 727 2830 persona
760 2756 869 2815 comica
900 2757 945 2814 est
979 2758 1055 2831 apud
1085 2758 1257 2819 Terentium.

128 2858 215 2918 Getae
239 2859 296 2933 ipsi
319 2862 386 2917 sunt
403 2857 489 2932 Mysii
511 2858 619 2937 populi,
643 2858 816 2917 ioculatores
833 2858 946 2917 lusibus
961 2861 1081 2919 nimium
1097 2862 1257 2923 studentes.

129 2962 316 3035 (lentagio
339 2963 365 3019 ·i·
381 2961 465 3039 uitia,
482 2963 601 3021 scelera.
626 2961 796 3034 contagium
812 2964 857 3021 est
872 2963 987 3021 morbus
1004 2964 1137 3037 porcinus
1154 2966 1257 3039 dictus,

128 3066 201 3139 quod
230 3064 315 3123 unius
346 3066 480 3123 contactu
509 3064 539 3121 in
568 3064 666 3136 plures
697 3063 878 3140 diffunditur,
908 3066 983 3124 idem
1012 3068 1058 3125 est
1086 3070 1115 3125 et
1143 3066 1258 3140 porrigo

93 3184 145 3225 asa
172 3166 345 3241 porrigendo
374 3183 405 3225 eo
429 3167 503 3240 quod
532 3167 568 3224 ab
601 3183 658 3225 uno
687 3168 719 3225 in
747 3168 819 3226 alios
847 3170 986 3241 porrigat.
1031 3170 1260 3229 Morimente

129 3271 156 3329 ·i·
179 3270 402 3341 recordationes,
425 3271 632 3329 monimentum
655 3268 681 3326 ·i·
705 3269 841 3328 memoria
856 3287 887 3329 00
904 3271 978 3342 quod
995 3274 1118 3329 mentem
1133 3276 1259 3333 moneat.

127 3372 295 3432 Niliacis
318 3373 446 3433 biblis.
476 3372 562 3432 Nilus
586 3373 631 3431 est
644 3373 771 3447 Aegypti
786 3373 892 3434 fluuius
909 3377 938 3434 et
952 3374 993 3434 ibi
1009 3375 1104 3435 biblus
1119 3378 1258 3437 nascitur.

129 3474 232 3535 Biblos
256 3477 332 3534 enim
355 3479 399 3535 est
422 3476 512 3537 maior
533 3476 645 3548 iuncus,
669 3475 719 3550 qui
743 3479 772 3536 et
789 3479 908 3551 papirus
925 3478 1040 3553 dicitnr,
1056 3482 1132 3541 uode
1150 3481 1260 3541 fiebant

128 3577 197 3636 libri
221 3579 297 3651 apud
322 3580 464 3651 antiquos.
500 3579 578 3639 Bibli
594 3580 669 3638 enim
684 3595 797 3654 graece,
814 3581 907 3640 latine
923 3581 1000 3643 libri.
1034 3583 1148 3643 Dicitur
1163 3587 1259 3647 autem

93 3702 119 3742 so
132 3676 234 3739 ‘Nilus'
258 3684 343 3756 quasi
365 3682 506 3743 Neonilus
529 3683 557 3741 ·i·
581 3700 686 3744 nouum
700 3684 818 3744 trahens
841 3685 950 3744 limum.
996 3687 1090 3747 Odas
1107 3688 1133 3746 ·i·
1149 3689 1258 3750 laudes.

128 3786 316 3845 Resonarc
340 3787 366 3844 ·i·
389 3805 571 3866 concrepare,
602 3790 678 3849 sicut
705 3789 734 3848 in
762 3790 875 3862 psalmo
904 3790 1028 3865 legitur:
1062 3792 1098 3850 In
1119 3794 1260 3867 psalterio

128 3888 304 3948 decachordo
338 3891 460 3963 psallam
494 3890 558 3952 tibi.
604 3892 659 3952 Sed
681 3893 735 3951 hoc
771 3909 828 3952 non
865 3894 1003 3967 recipitur
1041 3898 1075 3955 dc
1108 3897 1259 3971 psalterio,

230 4058 247 4110 6
264 4057 297 4110 01.
311 4056 410 4115 desen.
429 4060 471 4126 13,
488 4060 523 4113 45
605 4061 638 4115 16
657 4061 805 4117 0111001.
823 4062 848 4127 4,
868 4063 883 4116 7
960 4065 993 4118 31
1013 4065 1112 4121 Psalm.
1132 4067 1190 4131 143,
1208 4067 1225 4121 9

179 4211 194 4263 1
214 4199 319 4267 insolens
337 4214 392 4269 AB
495 4216 512 4270 4
532 4216 617 4271 latine
635 4233 685 4271 om.
704 4219 732 4272 A
835 4220 852 4274 5
870 4221 1032 4291 conuiuium]
1051 4238 1087 4277 sc.
1105 4224 1259 4279 conbibium

127 4320 153 4368 et
173 4314 339 4370 conhibendo
443 4319 542 4374 multos
565 4320 632 4374 A¹B
736 4321 770 4375 12
792 4312 881 4391 logica
902 4325 943 4403 A,
979 4326 1140 4396 astrologica
1163 4328 1191 4382 B

125 4417 247 4471 rational
264 4420 292 4473 A
399 4421 520 4476 2211101
538 4423 585 4489 Δί,
614 4411 696 4511 musii
714 4424 741 4478 B

176 4540 210 4595 X.
