3106 5250
293 412 357 479 328
766 408 951 479 appendix.

293 604 436 677 similiter,
465 606 584 677 quartus
615 620 681 663 nero
710 604 800 665 habet
823 604 981 665 ccclxvi
1004 605 1075 677 dies,
1099 604 1167 676 quia
1189 604 1327 677 quattuor
1355 618 1437 675 qua·

293 709 411 767 4444144
438 707 551 766 faciunt
573 725 659 766 unum
688 706 781 783 diem;
810 708 875 783 ipse
897 710 942 768 cst
971 709 1118 768 bissextus
1147 708 1195 781 qui
1222 708 1327 779 quarto
1351 722 1435 764 anno

294 810 440 872 inseritur.
479 812 584 881 Quinto
612 828 681 871 uero
709 828 783 871 anno
811 812 928 871 inchoat
963 812 1005 871 sol
1040 812 1155 871 eosdem
1188 826 1299 870 cursus.
1339 807 1436 868 Verbi

294 915 389 987 gratia
411 914 455 973 sol
478 915 509 971 in
531 915 623 987 primo
646 931 721 973 anno
743 917 789 973 est
811 915 843 973 in
865 914 959 973 fronte
975 915 1086 987 arietis,
1103 915 1226 974 secundo
1241 913 1273 971 in
1289 911 1434 987 spatulis,

294 1019 383 1077 tertio
405 1020 435 1077 in
458 1019 560 1089 latere,
582 1020 686 1091 quarto
709 1018 741 1077 in
763 1019 891 1090 renibus,
914 1020 1013 1092 quinto
1036 1035 1105 1077 nero
1129 1018 1160 1075 in
1176 1017 1299 1075 frontem
1322 1014 1436 1073 iterum
1459 1030 1475 1070 s

295 1122 459 1181 reuertitur.
497 1122 633 1180 Lustrum
662 1120 749 1179 etiam
778 1122 924 1180 dicitura
955 1122 1107 1181 lustrando
1138 1136 1171 1178 eo
1200 1119 1275 1193 qnod
1305 1117 1435 1177 Romani

294 1226 386 1283 totam
409 1224 558 1283 ciuitatem
580 1224 680 1297 quinto
704 1242 777 1283 anno
804 1225 968 1284 lustrabant
990 1243 1054 1284 cum
1077 1224 1166 1283 cereis
1187 1229 1216 1281 et
1245 1220 1435 1293 lampadibus

296 1327 328 1386 in
357 1328 493 1386 honorem
522 1344 637 1387 suorum
665 1329 791 1399 deorsum,
822 1330 960 1401 quomodo
988 1345 1042 1387 nos
1072 1327 1193 1385 facimus
1222 1340 1272 1397 per
1296 1323 1435 1395 singulos

297 1447 389 1489 annos
418 1447 514 1489 mense
537 1430 692 1489 Februario
721 1431 912 1490 inhonorem
937 1432 1053 1489 sanctae
1075 1430 1192 1489 Mariae.
1230 1428 1338 1486 Lustra
1363 1442 1434 1485 uero

150 1562 171 1591 v.
185 1549 288 1591 aer-aer
297 1532 450 1608 pluraliter
487 1533 621 1592 dicuntur
658 1534 764 1592 cubilia
808 1534 945 1593 ferarum.
996 1533 1227 1605 Naufragus,
1271 1529 1475 1603 naufragusro

298 1636 404 1696 dicitur
425 1638 472 1710 qui
503 1637 628 1695 sustinet
656 1638 759 1697 damna
785 1638 817 1695 in
846 1636 931 1698 mari.
968 1636 1050 1695 Naus
1072 1652 1184 1709 graece,
1208 1633 1293 1693 nauis
1316 1632 1434 1712 latine;

297 1740 365 1798 inde
397 1738 578 1813 naufragium
612 1739 717 1799 dicitur
750 1740 832 1799 nauis
866 1739 979 1800 fractio.
1027 1739 1200 1797 Geminus
1233 1739 1261 1795 et
1295 1735 1435 1795 olibanus

297 1860 405 1916 graeca
428 1847 498 1901 sunt
526 1844 556 1901 et
579 1843 682 1903 fornax
710 1843 847 1904 latinum.
891 1843 1024 1902 Rictus
1048 1845 1093 1902 est
1115 1842 1203 1899 nimia
1225 1841 1336 1915 apertio
1360 1839 1434 1899 oris.

298 1944 387 2004 Venit
419 1948 514 2003 autom
546 1964 563 2004 a
590 1948 678 2005 uerbo
710 1943 811 2020 ‘ringo'
843 1947 870 2005 ·i·
900 1963 932 2005 os
959 1946 1066 2019 aperio.
1104 1943 1379 2003 Instimulante
1405 1946 1436 2003 ·i·

298 2052 480 2122 prouocanto.
516 2050 655 2110 Stimulus
685 2051 730 2110 est
753 2050 868 2124 proprie
895 2050 979 2123 uirga
1000 2050 1110 2108 habens
1133 2048 1240 2106 ferrum
1262 2046 1291 2103 in
1307 2046 1476 2108 summi-rs

299 2153 371 2224 tate,
401 2168 458 2225 qua
484 2154 682 2212 ammonentur
709 2151 808 2212 bonos.
846 2152 957 2227 Nempe
985 2168 1052 2221 non,
1082 2150 1185 2224 inquit,
1208 2149 1312 2207 mirum
1336 2152 1385 2207 est
1409 2149 1436 2207 si

215 2280 218 2285 ¹
299 2255 357 2313 ista
380 2255 479 2313 contra
500 2256 632 2314 naturam
655 2255 735 2314 iacta
757 2256 833 2313 sunt.
879 2255 1108 2326 Quocumque
1132 2255 1158 2312 ·i·
1175 2254 1205 2311 44
1231 2269 1437 2327 quamcunque

299 2358 421 2432 partem.
454 2358 556 2418 Vana
586 2358 633 2416 uel
663 2358 892 2417 1444444414
926 2358 1094 2416 Sinistra
1116 2358 1144 2415 ·i·
1166 2373 1309 2429 peruerse.
1346 2355 1438 2414 Dolet

299 2464 384 2535 poeta
412 2462 447 2520 de
477 2461 624 2520 erroribus
647 2478 835 2535 paganorum.
874 2460 986 2520 Idolum
1009 2459 1212 2519 diminutiuum
1236 2460 1280 2516 est
1304 2459 1342 2517 ab
1364 2458 1440 2518 idea

299 2565 326 2623 ·i·
359 2563 461 2623 forma.
511 2562 706 2624 Dementia
740 2565 767 2622 ·i·
803 2563 1002 2623 deliramenta.
1045 2562 1113 2622 Irira
1147 2566 1221 2622 enim
1256 2562 1353 2623 sulcus
1391 2567 1478 2629 estro

300 2666 400 2737 aratri,
423 2666 489 2724 inde
512 2666 601 2724 deliro
625 2666 650 2724 ·i·
674 2666 812 2737 exorbito,
836 2668 917 2725 auia
932 2667 1055 2726 rationis
1072 2667 1164 2726 deuio.
1198 2667 1318 2739 Proprie
1335 2668 1440 2727 autem

301 2768 424 2827 delirare
447 2769 500 2840 ast,
524 2767 637 2840 quando
661 2769 747 2827 boues
766 2770 800 2826 de
816 2768 895 2829 sulco
912 2771 1084 2841 exorbitant,
1102 2771 1143 2828 ita
1160 2772 1188 2827 et
1207 2785 1289 2828 senes
1306 2767 1440 2830 delirare

301 2871 446 2941 dicuntur,
470 2872 645 2944 quoniame
674 2889 743 2931 uera
770 2873 912 2933 locutione
942 2876 1089 2933 recedunt.
1135 2875 1266 2932 Bonem
1297 2873 1324 2930 ·i·
1351 2876 1438 2949 apin,

301 2990 369 3032 nam
392 2975 457 3047 apis
479 2977 600 3032 uocatus
624 2976 669 3035 est
690 2977 801 3048 taurus,
826 2977 874 3050 qni
890 2976 962 3035 Isidi
980 2977 1097 3049 reginae
1112 2976 1293 3035 offerebatur.
1317 2978 1439 3035 Semi·

301 3076 556 3151 hominemque
585 3078 612 3135 4·
641 3079 766 3155 simiam,
796 3080 882 3139 simia
913 3080 990 3139 enim
1025 3080 1179 3139 semihomo
1211 3081 1241 3137 et
1274 3077 1481 3144 semicanisss

302 3182 355 3240 est.
390 3179 459 3237 Tria
475 3196 583 3252 genera
598 3184 667 3239 sunt
682 3182 845 3240 simiarum:
864 3198 922 3239 una
937 3184 981 3240 ost
997 3181 1110 3253 uillosa,
1127 3198 1198 3254 quae
1214 3181 1297 3254 spina
1312 3180 1439 3258 dicitur,

304 3281 365 3341 4144
386 3282 601 3355 cercopithecus
625 3285 731 3343 dicitur
755 3284 876 3343 caudam
898 3286 1021 3359 habens,
1044 3284 1131 3342 tertia
1153 3284 1215 3342 sine
1233 3283 1333 3357 cauda,
1358 3301 1439 3356 quae

303 3384 388 3443 simia
410 3388 593 3458 nuncupatur
608 3385 712 3445 faciem
734 3391 764 3444 et
778 3389 864 3459 pedes
881 3388 917 3445 44
934 3386 1155 3446 similitudinem
1170 3385 1294 3445 hominis
1310 3386 1439 3467 habens,

303 3489 429 3546 ceterum
456 3504 524 3546 uero
554 3506 658 3561 corpus
688 3492 725 3549 44
751 3490 969 3549 similitudinem
992 3491 1081 3548 canis.
1126 3488 1171 3548 Vt
1193 3488 1381 3548 uolucrem
1409 3491 1438 3548 4-

304 3590 373 3650 ibin.
427 3589 559 3650 Ciconias
599 3590 671 3650 dicit
714 3592 908 3666 Aegyptiacae
953 3594 1135 3664 domesticas,
1180 3609 1252 3665 quas
1291 3591 1438 3665 Aegyptii
1447 3615 1479 3655 eo

304 3693 435 3754 colebant
457 3697 574 3769 propter
593 3695 750 3774 serpentes,
775 3712 846 3768 quos
862 3697 1049 3757 douorsbant.
1080 3695 1263 3755 Geminum
1278 3696 1306 3753 ·i·
1323 3711 1436 3768 acqua·

297 3795 371 3858 tem.
410 3796 561 3857 Geminum
590 3815 641 3871 pro
669 3797 784 3872 aequali
813 3800 926 3874 posuit,
957 3801 1024 3874 quia
1053 3797 1099 3857 illi
1127 3801 1186 3856 tres
1209 3797 1270 3857 4444
1293 3798 1326 3857 44
1348 3797 1437 3859 initio

304 3899 403 3958 mundi
426 3900 563 3973 aequales
586 3901 710 3978 fuerunt,
741 3904 808 3973 post
829 3919 898 3961 uero
926 3902 1016 3961 solem
1038 3904 1139 3976 quarto
1163 3900 1209 3960 444
1232 3905 1362 3960 creatum
1384 3901 1437 3959 in·

304 4004 440 4077 aequales
463 4005 530 4062 sunt
553 4004 623 4077 dies,
651 4006 701 4063 ant
724 4006 800 4063 enim
822 4007 958 4065 crescunt
980 4007 1031 4064 ant
1046 4007 1215 4065 decrescunt
1229 4020 1284 4062 non
1301 4005 1435 4061 tantum·

305 4105 387 4165 modo
410 4109 438 4166 in
463 4105 663 4179 aequinoctiis.
698 4107 889 4179 Fugantur
912 4107 938 4166 ·i·
962 4108 1194 4176 obtenebrantur,
1218 4108 1247 4165 et
1269 4106 1323 4165 hoc
1339 4107 1473 4180 poeti-es

357 4355 391 4408 26
409 4356 496 4441 lpinir
513 4356 541 4409 A
644 4356 678 4410 27
696 4357 857 4427 circopccorc’
874 4358 902 4411 A
1005 4357 1039 4412 30
1057 4358 1291 4426 aegiptiallllllaecas
1307 4359 1335 4409 A
