3106 5250
610 470 759 539 Remigii
783 469 961 538 expositio.
1288 468 1350 532 347

222 668 287 740 fuit,
315 684 409 741 aquo
433 667 511 726 dicta
534 668 578 725 est
601 666 660 725 ista
682 664 777 735 uallis,
802 666 838 722 ad
861 680 946 736 quarn
968 663 1162 737 confugerunt
1183 662 1237 721 filii
1259 662 1352 722 lsrael

222 771 390 830 recedentes
413 787 430 827 a
451 770 559 841 templo
583 768 628 827 dei
652 772 771 841 propter
800 767 1000 826 amoenitatem
1023 767 1102 825 illius
1126 766 1190 837 loci,
1214 768 1263 826 nbi
1287 768 1352 826 ado-

221 875 358 932 rauerunt
379 872 465 945 idola,
490 872 557 945 quia
579 870 644 929 fons
668 869 744 928 Siloa
766 870 908 941 irrigabat
932 888 1003 929 eam.
1035 869 1116 927 Tunc
1139 869 1292 941 dupliciter
1310 869 1352 927 ibi

221 975 386 1050 perierunt:
409 976 517 1047 anima,
542 974 610 1047 quia
632 973 709 1031 idola
731 974 892 1045 coluerunt,
917 989 1044 1047 corpore,
1068 973 1137 1044 quia
1159 974 1195 1029 ab
1219 972 1352 1030 hostibus

200 1078 387 1150 sinterfecti3
411 1079 477 1139 iude
506 1079 638 1151 gehenna
659 1077 779 1149 ponitur
801 1094 853 1150 pro
876 1077 996 1148 inferno,
1024 1077 1091 1149 quia
1113 1074 1153 1133 ibi
1177 1076 1223 1133 est
1246 1073 1352 1146 duplex

222 1197 332 1256 poena:
355 1181 433 1240 calor
456 1186 485 1239 et
501 1181 605 1253 frigus,
642 1180 786 1252 Septem
807 1196 927 1254 gyros,
952 1179 1026 1239 ·VII·
1049 1176 1261 1250 reuolutiones;
1277 1176 1352 1235 idem

222 1287 267 1344 est
290 1285 411 1357 septena
432 1284 588 1354 uolumina,
605 1282 786 1355 septenarius
809 1298 945 1340 numerus
961 1297 1012 1353 pro
1029 1279 1209 1353 plenitudine
1223 1279 1351 1353 ponitur,

223 1388 290 1462 quia
313 1404 396 1446 omne
418 1389 532 1458 tempus
555 1387 640 1444 huius
657 1385 764 1444 saeculi
781 1400 831 1458 per
847 1384 921 1444 ΝΠ·
938 1384 1000 1443 dies
1015 1383 1157 1453 uoluitur;
1182 1384 1259 1441 unde
1275 1382 1350 1440 ·VII·

222 1507 273 1565 pro
285 1489 467 1565 plenitudine
479 1488 685 1559 demoniorum,
702 1488 819 1560 quaein
832 1486 896 1559 ipsa
909 1489 1003 1563 eraut,
1020 1486 1126 1559 posuit.
1165 1484 1350 1558 Vipereos

188 1615 213 1654 ιο
222 1594 249 1651 ·i·
272 1609 384 1652 nenena
407 1592 525 1651 diaboli.
560 1590 668 1663 Vipera
690 1590 796 1647 dicitur
810 1606 842 1648 eo
858 1589 932 1662 quod
948 1588 977 1646 ui
993 1588 1098 1663 pariat,
1115 1604 1179 1645 nam
1196 1588 1351 1647 interfecta

223 1700 316 1756 matre
345 1696 407 1755 nati
436 1696 550 1754 exeunt.
597 1694 780 1752 Cessante
808 1692 835 1750 ·i·
865 1691 1041 1764 quiescente.
1087 1689 1300 1749 simulastis
1322 1690 1349 1748 ·i·

222 1800 347 1859 finxistis
366 1816 396 1857 s·
415 1815 503 1872 praue
526 1798 659 1866 uiuendo,
683 1812 734 1870 per
757 1796 895 1854 miracula
917 1797 1006 1854 bonos
1028 1812 1079 1853 uos
1096 1794 1232 1853 uoluistis
1250 1797 1348 1853 osten·

222 1904 286 1961 dere
310 1905 338 1960 et
361 1918 423 1959 cnm
439 1901 555 1972 iniquas
571 1916 619 1959 res
636 1898 770 1973 ageretis,
788 1899 886 1957 diuina
902 1898 1056 1970 fingebatis
1072 1914 1123 1956 uos
1140 1913 1226 1970 opera
1242 1896 1348 1956 facere.

221 2004 342 2073 Quidam
371 2004 448 2077 sunt,
478 2003 526 2076 qui
557 2020 620 2060 curn
647 2004 775 2061 uiderint
798 2002 930 2060 homines
954 2001 1095 2060 facientes
1118 2000 1267 2068 miracula,
1291 2017 1348 2059 non

187 2109 312 2165 tonitam
336 2106 386 2164 sed
409 2105 547 2163 miracula
564 2106 734 2176 attendunt;
752 2106 822 2163 deus
839 2120 908 2163 uero
923 2103 1019 2176 potius
1036 2105 1139 2163 bonam
1156 2104 1246 2161 uitam
1262 2120 1350 2176 quam

221 2207 360 2267 miracula
381 2207 508 2279 respicit.
544 2206 777 2266 Carminibus
801 2207 826 2264 ·l·
850 2206 1104 2266 incantationibus.
1144 2206 1300 2279 Figurae
1323 2206 1349 2263 ·i·

222 2328 279 2370 uon
294 2327 379 2369 ueras
396 2313 445 2368 sed
461 2310 561 2369 falsas.
580 2310 608 2367 N
611 2312 659 2369 ota
674 2312 719 2368 est
735 2309 872 2370 historia:
889 2310 974 2382 uirga
989 2327 1072 2367 uersa
1087 2310 1115 2367 in
1132 2325 1264 2368 ueracem
1280 2310 1346 2367 dra-

222 2429 328 2472 conem.
365 2414 443 2471 Deus
466 2415 541 2472 euim
563 2416 739 2487 potestatem
763 2414 852 2472 babet
875 2416 1035 2473 creaturam
1065 2431 1145 2472 suam
1169 2416 1280 2471 mutare
1302 2414 1349 2471 in·

221 2533 426 2591 quamcumque
449 2517 580 2577 uoluerit.
611 2518 691 2589 Magi
714 2535 782 2577 uero
801 2534 859 2576 non
875 2518 984 2576 habeut
1000 2518 1173 2590 potestatem
1188 2518 1349 2587 creaturae,

186 2620 272 2679 rosed
295 2617 391 2679 oculos
414 2619 587 2679 intuentium
606 2619 752 2678 fascinant
767 2619 792 2677 ·i·
809 2619 966 2693 decipiunt.
990 2618 1147 2679 Pascinum
1163 2619 1268 2677 dicitur
1283 2618 1349 2676 laus

221 2722 373 2794 inuidiosa,
406 2723 472 2781 inde
504 2722 625 2798 fascino,
660 2724 796 2783 fascinos,
843 2724 933 2782 Post
959 2723 985 2780 ·i·
1009 2722 1139 2796 posthac.
1184 2719 1303 2780 Facili
1322 2720 1348 2777 ·i·

220 2825 287 2898 leui,
320 2826 387 2900 quia
415 2842 475 2884 mos
504 2826 550 2882 cst
580 2824 701 2882 diuitum
724 2824 757 2882 ut
784 2822 904 2881 difficile
933 2823 1103 2897 inuitentur,
1129 2824 1186 2911 'sod
1215 2820 1348 2879 domiuus

221 2928 300 2986 facili
322 2932 441 3003 precatu
464 2929 588 2986 uenerat
605 2928 640 2985 ad
657 2927 770 2984 domum
786 2924 929 2984 Plrarisei.
958 2926 1068 2984 Pheres
1085 2925 1141 2983 fuit
1156 2923 1234 2983 filius
1250 2923 1348 2993 Iudae,

220 3048 315 3104 aquo
338 3032 472 3090 Pharisei
495 3030 631 3089 dicuntur
648 3032 678 3087 et
711 3027 940 3103 interpretantur
969 3029 1065 3088 diuisi.
1110 3030 1152 3087 In
1186 3027 1347 3101 spatium

185 3134 317 3197 lauteri
340 3134 367 3191 ·i·
392 3133 475 3208 quasi
508 3136 601 3192 totum
635 3134 768 3191 effectum
801 3131 896 3191 fuerat
932 3134 1041 3191 uenter.
1086 3131 1245 3205 Ydrops:
1278 3132 1348 3205 ydor

220 3251 321 3309 graece
350 3253 433 3316 aqua,
463 3235 529 3294 inde
558 3235 712 3309 ydropicus
741 3234 901 3307 aquaticus,
930 3235 1036 3309 ydrops
1065 3237 1108 3292 est
1132 3234 1347 3293 intercutaneus

219 3341 336 3397 morbus
359 3341 389 3396 et
411 3338 517 3397 dicitur
539 3337 629 3396 latine
651 3338 798 3408 ueternus,
821 3336 976 3411 ydropicus
1005 3337 1122 3395 morbus
1149 3338 1196 3395 est
1218 3354 1252 3395 ex
1274 3336 1348 3397 uitio

220 3442 336 3501 uesicae
358 3444 444 3501 natus
467 3458 531 3500 cnm
547 3442 661 3515 turgido
677 3441 779 3499 uentre
794 3442 824 3499 et
841 3440 974 3499 anhelitu
990 3439 1107 3501 foetido.
1145 3440 1346 3514 Fluuidus,

220 3546 287 3620 quia
310 3562 365 3619 quo
388 3547 453 3618 plus
476 3544 561 3619 bibit,
589 3561 621 3605 eo
645 3544 769 3618 amplius
799 3544 873 3604 sitit.
918 3544 1050 3603 Lacum
1073 3546 1099 3604 ·i·
1123 3561 1225 3618 corpus
1261 3544 1347 3617 ydro-

184 3647 290 3722 sopici;
328 3648 422 3707 lacum
459 3645 587 3722 appellat
623 3649 761 3721 uentrem,
801 3664 876 3722 aqua
918 3648 1008 3706 ueluti
1044 3650 1077 3707 in
1113 3649 1187 3707 lacu.
1238 3645 1348 3705 Adibat

220 3751 352 3811 dominus
376 3753 472 3810 domos
494 3749 666 3826 principum,
690 3765 745 3809 non
769 3766 824 3823 quo
847 3749 989 3824 indigeret
1012 3767 1108 3810 eornm
1125 3750 1227 3824 epulis,
1244 3750 1295 3807 sed
1311 3750 1348 3807 ob

219 3871 317 3914 eorum
340 3854 473 3927 famulos,
498 3853 565 3926 quis
584 3851 702 3911 seruitio
719 3853 829 3911 detenti
845 3870 908 3912 oum
925 3854 1004 3913 adire
1020 3870 1076 3914 non
1092 3854 1225 3927 poterant
1240 3855 1269 3910 et
1284 3851 1346 3910 eins

218 3956 461 4030 praedicationem
476 3955 585 4026 audire,
602 3971 668 4013 narn
687 3969 775 4029 aeque
791 3954 826 4013 de
843 3956 975 4015 omnibus
988 3955 1117 4015 curabat.
1155 3956 1344 4014 Portenta.

218 4059 388 4118 Portentum
410 4060 456 4118 est
478 4059 552 4130 quod
576 4057 669 4117 subito
694 4060 813 4132 apparet
831 4061 860 4117 et
875 4058 982 4131 aliquid
999 4059 1172 4133 praetendit.
1204 4059 1284 4117 Idem
1300 4061 1346 4117 est

272 4274 398 4378 lifug¹ei
415 4311 443 4363 A
542 4308 575 4363 10
592 4311 684 4378 pareat
702 4308 728 4362 A
825 4308 859 4364 31
878 4310 969 4364 domos
987 4326 1020 4365 ec
1038 4311 1131 4364 domus
1148 4313 1175 4362 A
1273 4312 1346 4378 priu-

219 4395 291 4463 oipiu
308 4396 336 4449 A
437 4396 472 4450 34
488 4395 556 4461 fort.
575 4396 714 4464 portendit
